3014 3706
1446 227 1560 283 ,12

289 375 337 417 et
364 382 518 432 verum
546 376 809 426 memoretur
839 379 885 416 et
914 372 998 418 tria
1025 371 1394 430 hanapum
1423 371 1730 436 dijudicentur,
1761 379 1973 433 quamius
1994 371 2256 428 valcant&
2285 373 2525 434 voluptates
2553 372 2749 434 corperis

289 454 367 494 aut
394 449 550 496 mentis
581 449 836 496 efficiendas.
900 451 1046 505 Quare
1077 451 1349 499 statuendum
1380 451 1482 505 erit,
1514 452 1705 499 Platom‘s
1736 453 1987 500 senteutiam
2016 452 2127 499 hanc
2153 453 2311 507 tui-m
2341 468 2430 501 non
2460 468 2748 514 possvm-

289 542 419 577 surae
449 537 494 576 et
523 529 831 590 congruent‘ne
862 531 1091 591 pulchrum·
1118 545 1274 591 expers
1307 546 1425 585 esse,
1456 540 1501 578 at
1530 532 1710 581 minime
1732 532 2323 581 hismtionbuscominui.
2360 534 2746 595 Fundanigit'nr

288 623 373 654 nos
404 609 489 655 hoc
517 610 692 655 invento
723 610 830 656 nffil
860 612 972 657 ultra
1002 612 1237 670 profecisse
1269 613 1326 658 ad
1355 612 1522 672 pulchri
1552 620 1749 660 naturam
1778 613 2486 674 indagandam,.m'si-hoc,2quod
2509 614 2603 674 ian
2633 613 2748 667 scia-

291 686 406 741 mus,
438 698 487 735 ut
517 690 744 749 pulchrum
766 691 1001 736 arctissime
1022 707 1122 737 cum
1143 708 1247 738 vero
1269 693 1472 753 bonoque
1493 694 1766 754 conjunctum
1787 695 1842 739 sit
1856 726 1869 746 ,
1902 695 1964 740 ita
1989 709 2166 755 qnoque
2186 708 2384 739 mensura
2404 701 2449 739 et
2468 694 2746 752 congruentia

291 788 438 818 carere
478 787 567 817 non
609 787 752 832 posse.
825 772 1053 817 Videamus
1093 780 1236 818 autem
1269 788 1409 819 annon
1443 774 1525 818 alia
1557 775 1625 819 via
1657 777 1709 820 de
1740 774 1869 820 rebus
1899 774 2206 821 mathematicis
2235 774 2565 835 disquirentibus
2594 774 2745 821 melius
2809 801 2811 803 ·

287 855 414 901 nobis
444 861 613 913 pateat,
656 869 733 898 cur
761 854 807 898 in
839 853 904 898 his
935 854 1160 912 pulchrum
1191 855 1336 913 potius
1369 854 1637 899 contineatur
1668 869 1798 915 quam
1825 856 1870 899 in
1900 855 2030 900 rebus
2060 854 2332 901 mutabilibus
2363 857 2683 917 corporeisque.

351 936 518 979 Scimus
548 935 704 979 etenim
726 935 771 978 in
796 933 1068 993 philosophia
1099 934 1317 979 Platonica
1347 935 1507 992 figuras
1539 934 1858 980 mathematicas
1890 934 2123 995 earumque
2154 934 2418 995 disciplinam
2448 936 2636 983 modium
2667 950 2745 981 oo-

288 1030 446 1075 cupare
466 1016 609 1060 locum
629 1015 741 1060 inter
761 1030 831 1059 res
853 1014 1076 1059 mutabiles
1109 1021 1331 1058 terrestres
1364 1021 1407 1058 et
1434 1015 1566 1059 ideas.
1632 1016 1714 1059 Per
1745 1014 1821 1060 has
1853 1014 1991 1067 enim,
2023 1023 2072 1060 ut
2102 1012 2230 1060 estin
2249 1014 2361 1061 libro
2381 1015 2482 1069 Vll,
2514 1029 2558 1074 p.
2581 1019 2663 1062 521
2693 1017 2743 1062 C.

287 1097 342 1140 de
373 1095 630 1154 Republica,
654 1095 863 1154 juvenum
896 1094 1026 1139 animi
1069 1095 1268 1153 proxime
1304 1095 1585 1140 informantur
1617 1095 1670 1140 ad
1705 1094 2091 1140 considerationem
2121 1095 2309 1140 idearum
2342 1096 2580 1155 summique
2611 1096 2715 1141 boni
2728 1129 2742 1149 ,

283 1182 678 1234 praeparanturque
710 1175 765 1219 ad
796 1174 1014 1219 scientiam
1027 1207 1039 1226 ‚
1073 1189 1184 1233 quae
1215 1175 1459 1232 longissime
1491 1175 1701 1219 abstracta
1733 1180 1797 1219 est
1828 1190 1853 1219 a
1884 1175 2013 1219 rebus
2044 1174 2412 1233 adspectabilibus.
2571 1230 2578 1237 .

349 1256 497 1309 Quum
524 1256 654 1314 igitur
685 1254 910 1313 pulchrum
939 1256 1027 1314 jam
1059 1255 1208 1313 purius
1242 1254 1351 1299 adsit
1381 1255 1425 1298 in
1456 1254 1759 1299 mathematicis
1774 1287 1786 1305 ,
1818 1269 1905 1299 non
1938 1253 2117 1300 dubium
2148 1261 2237 1307 est,
2269 1254 2372 1316 quin
2403 1256 2540 1300 multo
2562 1257 2710 1315 purius
2727 1290 2739 1309 ,

283 1337 373 1381 imo
407 1336 509 1394 quin
542 1350 692 1379 verum
721 1334 944 1392 pulchrum
979 1335 1090 1379 adsit
1120 1335 1165 1379 in
1197 1335 1303 1379 ideis
1334 1334 1452 1392 ipsis.
1517 1334 1579 1378 lbi
1612 1334 1724 1379 enim
1757 1334 2021 1379 inveniemus
2053 1350 2186 1395 quum
2216 1343 2404 1380 caeteras
2434 1337 2550 1381 ideas
2583 1344 2674 1382 tum
2695 1345 2739 1381 et

283 1417 423 1461 ideam
456 1414 648 1474 pulchri,
693 1428 805 1473 quae
837 1429 925 1473 quo
959 1414 1095 1473 magis
1128 1430 1223 1459 sese
1254 1414 1581 1459 manifestaverit
1611 1415 1653 1458 in
1687 1415 1778 1459 aliis
1810 1414 1962 1466 rebus,
2008 1429 2062 1459 eo
2091 1415 2168 1460 has
2200 1414 2371 1460 nomine
2401 1415 2567 1474 pulchri
2597 1416 2739 1476 digni-

284 1510 383 1540 ores
415 1495 661 1554 praestabit.
725 1494 805 1538 Hic
838 1508 1013 1554 quoque
1045 1509 1218 1539 causam
1249 1494 1400 1545 habes,
1434 1509 1509 1538 cur
1542 1494 1662 1538 Plato
1696 1508 1864 1553 semper
1893 1493 2062 1538 notioni
2082 1494 2247 1554 pulchri
2267 1494 2474 1540 addiderit
2495 1510 2589 1540 eam
2608 1495 2740 1547 boni;

284 1576 451 1620 dixerat
494 1575 607 1618 enim
650 1574 874 1632 pulchrum
916 1588 1011 1617 esse
1044 1574 1164 1633 quod
1196 1574 1455 1631 voluptatem
1487 1574 1712 1631 praeberet
1743 1573 1906 1618 auditui
1937 1574 2156 1633 visuique,
2197 1574 2393 1633 adjuncta
2426 1589 2532 1619 vero
2562 1577 2740 1621 notione

284 1655 477 1700 utilitatis
510 1668 586 1699 seu
618 1653 736 1697 boni.
802 1654 965 1711 Nempe
994 1652 1118 1698 ideae
1149 1668 1283 1712 purae
1314 1667 1401 1697 non
1432 1653 1541 1698 inter
1575 1669 1620 1697 se
1654 1660 1874 1711 separatae
1906 1660 2028 1704 suun
2059 1653 2157 1698 idea
2185 1653 2350 1712 pulchri
2369 1668 2458 1699 non
2478 1661 2623 1712 potest
2642 1669 2737 1700 esse

281 1736 417 1786 mala;
447 1735 551 1779 item
579 1734 675 1778 idea
707 1733 810 1778 boni
840 1748 928 1778 non
961 1732 1043 1778 erit
1075 1733 1276 1778 deformis
1290 1766 1302 1785 ‚
1334 1733 1410 1778 sed
1440 1732 1646 1794 quidquid
1674 1734 1718 1778 in
1749 1733 1855 1778 ideis
1889 1740 1954 1777 est
1973 1733 2221 1792 pulchrum,
2253 1734 2379 1779 simul
2398 1748 2547 1780 verum
2575 1733 2739 1781 bonum

282 1828 378 1860 esse
421 1814 651 1874 oportebit.
730 1813 839 1857 Hinc
887 1814 1009 1858 Plato
1040 1814 1233 1872 loquitur
1265 1814 1316 1858 de
1348 1814 1525 1872 pulchro
1558 1814 1600 1858 in
1633 1814 1822 1872 legibus,
1860 1812 2088 1864 institutis,
2121 1813 2311 1858 moribus
2326 1846 2338 1866 ,
2368 1814 2413 1857 in
2444 1815 2565 1874 cujus
2596 1815 2739 1860 locum

279 1908 362 1940 nos
412 1894 556 1953 potius
599 1894 818 1938 notionem
862 1893 965 1938 boni
1013 1893 1387 1945 substituer-emus,
1438 1893 1597 1953 quippe
1645 1893 1799 1953 quibus
1845 1893 2069 1952 pulchrum
2111 1893 2246 1953 magis
2289 1895 2331 1939 in
2363 1894 2501 1940 forma
2534 1909 2663 1954 quam
2693 1895 2738 1941 in

280 1975 432 2021 effectu
464 1975 652 2032 positum
684 1974 751 2018 sit.

345 2054 492 2107 Quare
522 2053 794 2103 AristoteleS,
845 2058 1045 2097 constans
1080 2060 1126 2097 ut
1157 2060 1221 2098 est
1253 2054 1442 2098 idearum
1475 2053 1694 2098 doctrinae
1725 2052 2013 2112 vituperator,
2060 2067 2148 2097 non
2177 2052 2389 2098 immerito
2422 2053 2552 2106 dixit,
2584 2070 2735 2101 vocem

280 2135 470 2194 pulchri,
520 2135 557 2178 si
599 2134 652 2178 ad
697 2133 907 2193 ejusmodi
940 2148 1009 2177 res
1024 2167 1035 2185 ,
1079 2142 1125 2177 ut
1156 2150 1298 2178 mores
1313 2168 1324 2185 ,
1372 2134 1590 2185 instituta,
1633 2135 1749 2193 leges
1781 2134 2080 2185 transferatur,
2122 2134 2399 2194 aequivocam
2431 2135 2521 2179 sive
2549 2139 2737 2190 δμῶνυμον

282 2230 395 2264 esse3
432 2230 517 2273 qua
552 2214 594 2258 in
627 2230 674 2258 re
707 2222 847 2259 tamen
881 2214 1173 2259 observandus
1206 2222 1270 2258 est
1299 2230 1403 2260 usus
1435 2213 1637 2274 loquendi
1669 2215 1955 2265 Graecorum,
1987 2213 2061 2272 qui
2092 2213 2176 2257 hoc
2206 2213 2415 2258 vocabulo
2447 2229 2582 2273 aeque
2616 2229 2739 2258 com-

282 2296 568 2354 plecterentur
601 2294 825 2352 pulchrum
843 2328 855 2344 ,
902 2293 1021 2354 quod
1052 2294 1096 2337 in
1128 2295 1379 2352 corporibus
1411 2295 1620 2345 cernitur,
1665 2309 1715 2338 ac
1745 2294 1997 2345 honestum,
2040 2294 2157 2352 quod
2190 2293 2236 2337 in
2266 2293 2354 2338 vita
2385 2293 2556 2352 publica
2590 2295 2737 2353 priva-

279 2384 409 2437 taque
455 2384 497 2419 et
546 2376 588 2419 in
640 2374 789 2419 animis
840 2374 1117 2433 conspicuum
1165 2382 1241 2418 est.
1307 2376 1397 2419 Nos
1428 2383 1570 2420 autem
1601 2373 1686 2418 boc
1716 2375 1813 2418 loco
1844 2372 2053 2433 imprimis
2086 2388 2162 2418 seu
2192 2373 2337 2432 potius
2368 2375 2492 2418 unice
2524 2389 2651 2433 agere
2683 2375 2736 2419 de

277 2457 459 2516 pulchro
492 2457 535 2500 in
569 2456 849 2514 corporibu5‚
893 2469 1022 2498 nemo
1056 2461 1120 2498 est
1150 2456 1277 2513 paulo
1310 2457 1362 2499 de
1395 2456 1654 2515 quaestionis
1687 2454 1848 2499 ambitu
1880 2454 2068 2514 cegitans
2101 2455 2175 2515 qui
2205 2454 2430 2514 vituperet.

341 2540 418 2582 Est
453 2539 582 2596 igitur
614 2537 864 2595 pulchrum,
897 2537 1015 2595 quod
1047 2536 1275 2580 obscurum
1307 2538 1349 2580 in
1382 2537 1508 2581 rebus
1541 2536 1788 2594 corporeis,
1820 2549 1976 2593 purum
2007 2550 2113 2579 vero
2142 2536 2186 2579 in
2218 2535 2523 2581 mathematicis
2556 2543 2598 2579 et
2619 2552 2729 2596 qua-

276 2619 465 2664 litatibus
515 2618 711 2663 absolute
759 2632 836 2675 per
885 2631 929 2659 se
979 2616 1131 2674 positis
1179 2618 1460 2674 conspicitur,
1507 2617 1603 2660 idea
1648 2617 1740 2674 ipsa
1785 2615 1963 2674 pulchri.
2040 2614 2140 2667 Quo
2184 2616 2317 2675 magis
2348 2615 2453 2660 baec
2483 2615 2579 2659 idea
2609 2616 2651 2660 in
2684 2632 2732 2660 re

277 2701 422 2759 aliqua
453 2707 654 2757 apparet,
687 2712 742 2742 eo
774 2699 910 2756 magis
944 2711 1013 2740 res
1045 2697 1117 2740 illa
1148 2697 1323 2755 pulchra
1356 2698 1530 2741 dicenda
1563 2704 1640 2739 est.

342 2780 513 2829 Restat,
547 2787 594 2822 ut
627 2777 941 2828 describamus»,
975 2792 1086 2836 quae
1119 2783 1162 2820 et
1193 2777 1330 2835 qualis
1362 2777 1505 2836 itaque
1538 2776 1592 2819 sit
1622 2776 1693 2820 illa
1725 2777 1821 2821 idea
1852 2776 2041 2835 pulchri,
2082 2791 2166 2835 qua
2197 2776 2370 2821 scientia
2388 2777 2540 2821 muniti
2561 2791 2729 2836 semper

277 2874 357 2904 nec
379 2860 619 2903 dubitantes
641 2873 783 2917 neque
803 2871 1007 2915 umquam
1032 2863 1221 2901 errantes
1244 2857 1429 2900 indicare
1449 2856 1684 2915 possimus,
1706 2870 1816 2915 quae
1837 2870 1907 2899 res
1929 2856 2013 2900 sint
2031 2856 2246 2915 pulchrae,
2267 2870 2378 2917 quae
2398 2862 2548 2901 contra
2567 2863 2728 2915 turpes.

336 2942 392 2986 At
423 2954 503 2983 nec
537 2939 658 2983 Plato
690 2939 781 2995 ipse
813 2951 1068 2995 responsum
1101 2943 1300 2994 paratum
1331 2935 1511 2981 habebit.
1574 2937 1742 2980 Etenim
1773 2936 2044 2995 philosophia
2075 2936 2315 2986 Platonica,
2348 2950 2606 2996 quamquam
2636 2943 2728 2981 tota

273 3020 425 3066 nititur
466 3019 660 3064 doctrina
702 3019 754 3062 de
795 3018 924 3068 ideis,
968 3026 1109 3061 tamen
1142 3017 1390 3062 interiorem
1424 3016 1477 3060 de
1507 3018 1558 3061 iis
1592 3017 1878 3075 cognitionem
1911 3017 2150 3075 comparari
2181 3031 2309 3074 posse
2340 3023 2490 3075 negat,
2523 3016 2726 3076 quamdiu

274 3100 423 3144 saltem
455 3099 626 3142 mortali
661 3098 935 3156 terrestrique
965 3112 1151 3155 corpore
1182 3097 1320 3140 induti
1352 3097 1497 3139 simus,
2344 3080 2352 3090 ⁸

330 3168 533 3238 Longum*
578 3185 643 3223 est
693 3177 928 3221 doctrinam
979 3178 1032 3221 de
1075 3176 1182 3221 ideis
1226 3176 1364 3236 deque
1397 3189 1543 3220 amore
1573 3176 1656 3220 hoc
1686 3178 1784 3220 loco
1817 3182 2076 3235 pertractare
2106 3190 2245 3236 neque
2275 3177 2559 3221 necessarium
2591 3175 2725 3220 cuivis

267 3261 336 3305 vel
369 3273 600 3319 parumper
633 3258 879 3317 cognitione
911 3257 1173 3317 antiquitatis
1206 3256 1385 3302 imbuto.
1452 3256 1621 3314 Dialogi
1653 3256 1870 3301 Phaedrus
1903 3262 1945 3299 et
1972 3256 2230 3323 Symposion
2261 3255 2490 3315 imprimis,
2522 3255 2725 3302 Phaedon
