3014 3706
1503 169 1570 221 18

295 313 541 360 inferiorem
572 313 754 372 gradum
785 314 1056 373 occupabant
1075 327 1205 373 quam
1227 328 1360 359 unum
1381 314 1567 366 bonnm,
1599 320 1644 359 et
1665 327 1755 372 quo
1775 328 1927 360 omnes
1949 314 2216 374 posteriora
2235 316 2395 375 gradus
2423 309 2772 371 emanationtnn,

299 394 355 439 de
383 393 554 455 quibus.
571 384 769 452 deinceps
801 393 1066 443 videbimus,
1108 393 1169 437 ita
1201 399 1558 451 corrumpuntur,
1607 400 1656 438 ut
1687 392 1860 438 tandem
1891 394 1935 439 in
1966 394 2176 440 infinitum
2207 406 2348 455 nsque
2376 396 2530 449 fidei,
2571 397 2699 443 omni*
2714 393 2765 443 'vi

298 475 418 519 vitali
464 473 641 523 amissa,
682 474 725 517 in
777 473 954 518 nihilum
999 465 1214 518 desinant,
1269 474 1433 533 Estque
1475 473 1560 518 boc
1603 473 1758 518 vitium
1784 474 1912 527 illud,
1956 474 2075 534 quod
2123 474 2370 520 videbamus
2420 476 2464 521 in
2514 477 2698 522 unitates
2736 492 2764 523 a

297 553 556 614 philosopho
588 553 825 606 introduci,
857 560 906 598 ut
937 568 1092 613 nempe
1123 568 1179 597 ex
1212 567 1299 597 uno
1331 553 1455 612 plura
1486 552 1589 597 fiant
1625 569 1762 615 eaque
1784 555 1954 600 tandem
1976 555 2037 600 ita
2059 555 2228 600 diversa
2247 562 2290 599 et
2311 557 2545 616 pugnantia
2564 558 2676 601 inter
2694 571 2765 609 se,

301 642 349 678 ut
382 636 525 694 imago
558 635 735 694 perfecti
766 650 816 680 ac
849 635 960 679 unici
995 634 1187 696 omnium
1218 648 1362 678 rerum
1393 635 1583 678 auctoris
1615 636 1659 679 in
1691 635 1742 679 iis
1775 636 1849 679 vix
1882 637 2059 695 agnosci
2091 635 2245 695 possit.

362 716 439 760 Est
485 715 615 775 igitur
646 718 727 763 νοῦς
758 729 833 760 seu
866 715 987 759 locus
1020 714 1240 766 idearum,
1283 720 1335 758 ut
1366 720 1518 759 auctor
1549 728 1678 767 suus,
1712 716 1926 773 perfectus
1959 716 2130 776 quidem
2163 731 2215 762 ac
2245 730 2385 768 unus,
2417 723 2600 762 attamen
2637 717 2763 763 simul

302 795 580 854 pluriformis.
658 797 705 840 ln
752 794 928 853 singulis
976 793 1083 838 ideis
1133 807 1280 838 omnes
1325 793 1515 853 reliquae
1562 794 1831 840 continentur
1884 796 2083 854 quidem,
2131 811 2211 842 nec
2252 803 2395 842 tamen
2441 803 2540 842 sunt
2571 796 2764 842 eaedem.

301 876 349 920 ln
381 875 477 920 idea
510 876 701 933 pulchri,
735 891 774 920 v.
809 892 869 926 c.,
904 874 1146 919 continetur
1178 888 1354 934 quoque
1387 889 1535 918 verum
1568 881 1611 918 et
1642 874 1828 927 bonum,
1868 883 1911 920 at
1944 876 2144 922 distincta
2177 884 2317 923 tamen
2351 884 2417 922 est
2447 876 2501 923 ab
2534 877 2630 923 idea
2660 877 2766 923 boni

299 964 428 1015 atque
476 957 529 1000 ab
578 957 673 1000 idea
711 956 812 1001 veri.
890 955 1198 1014 Quaecumque
1231 970 1286 999 ex
1318 954 1423 998 ideis
1456 961 1521 998 est
1552 955 1681 1013 igitur
1713 961 1755 999 et
1786 955 1881 1013 ipsa
1913 958 2021 1005 νοῦς,
2058 957 2134 1002 sed
2165 959 2271 1009 νοῦς,
2301 957 2347 1002 ἰιι
2380 971 2469 1017 quo
2500 957 2605 1003 baec
2635 957 2761 1004 illave

302 1035 485 1094 qualitas
517 1036 576 1081 ita
610 1035 815 1086 excellat,
849 1041 895 1079 ut
928 1049 1078 1079 revera
1110 1034 1216 1079 alius
1250 1034 1304 1078 sit
1337 1049 1387 1078 ac
1419 1033 1574 1078 caeteri
1604 1035 1696 1079 νόες.
2706 1094 2708 1096 Ι

361 1118 426 1160 En
459 1117 589 1175 igitur
621 1126 816 1161 naturam
850 1116 1057 1160 idearum.
1124 1117 1178 1159 Ut
1211 1116 1421 1160 emanatio
1456 1115 1525 1158 illa
1556 1114 1693 1171 prima
1724 1114 1935 1159 unitatum
1968 1131 1994 1160 a
2026 1117 2198 1161 Plotino
2232 1131 2284 1161 eo
2317 1116 2495 1161 consilio
2520 1118 2765 1163 introducta

299 1204 416 1247 erat,
452 1204 499 1239 ut
540 1213 595 1241 ex
628 1212 716 1240 uno
750 1197 872 1254 plura
904 1212 1075 1240 numero
1111 1196 1305 1239 distincta
1338 1195 1574 1244 orirentur,
1607 1195 1665 1238 ita
1697 1194 1740 1238 in
1772 1194 1879 1239 ideis
1913 1196 2054 1253 primo
2088 1197 2234 1254 patefit
2265 1196 2488 1241 discrimen
2512 1196 2763 1256 qualitatum

301 1278 393 1327 vel,
426 1279 460 1320 si
494 1278 553 1321 ita
586 1277 726 1320 dicere
758 1277 880 1326 licet,
914 1276 1134 1334 pluralitas
1169 1275 1416 1337 qualitativa
1448 1274 1546 1318 binc
1577 1288 1721 1317 rerum
1754 1266 1931 1319 naturae
1963 1276 2148 1321 advenit.
2213 1276 2340 1329 Quod
2365 1277 2540 1321 omnino
2561 1290 2763 1322 necessa-

298 1357 409 1400 rium
443 1364 528 1406 est,
561 1357 769 1416 siquidem
791 1356 1070 1414 philosophus
1095 1356 1390 1399 demonstrare
1412 1354 1560 1404 vellet,
1593 1354 1737 1398 omnia
1760 1354 1947 1411 pendere
1968 1370 1993 1399 e
2015 1369 2185 1400 summo
2207 1357 2431 1415 principio·
2495 1358 2558 1401 Ne
2580 1357 2763 1402 oblivis-

299 1452 447 1480 camur
478 1437 590 1480 enim
623 1437 665 1480 in
700 1437 782 1480 deo
815 1437 952 1480 nullas
986 1450 1166 1495 prorsus
1191 1435 1414 1495 qualitates
1440 1448 1546 1478 esse.
1610 1434 1859 1493 Appellatur.
1880 1435 2053 1495 quidem
2076 1436 2236 1481 bonum
2257 1453 2307 1481 ac
2326 1451 2484 1490 unum,
2517 1437 2592 1482 sed
2613 1452 2765 1483 revera

298 1533 437 1576 neque
470 1518 609 1561 bonus
643 1504 786 1575 neque*
814 1532 924 1561 nnus
958 1524 1035 1561 est.
1103 1517 1243 1560 Unum
1275 1516 1431 1575 aliquid
1467 1515 1641 1567 dicitur,
1676 1516 1795 1574 quod
1829 1531 1853 1559 e
1886 1517 2156 1561 multitudine
2187 1517 2449 1576 excipimus,
2482 1518 2600 1576 quod
2633 1518 2764 1577 igitur

299 1598 558 1642 multitudini
589 1598 836 1655 oppositum
869 1605 946 1640 est.
1011 1598 1068 1641 At
1100 1611 1268 1640 summo
1303 1595 1539 1653 principi0,
1588 1611 1719 1656 quum
1753 1596 1897 1640 omnia
1930 1596 2172 1648 contineat,
2219 1597 2321 1641 nihil
2353 1603 2417 1641 est
2448 1598 2566 1657 quod
2598 1593 2792 1656 opponi*

304 1679 455 1736 possit.
520 1679 659 1721 Porro
692 1678 851 1721 bonum
886 1676 1087 1727 dicimus,
1123 1677 1241 1735 quod
1275 1676 1519 1733 oppositum
1544 1681 1607 1718 est
1630 1658 1756 1719 malo.
1821 1677 1877 1720 At
1899 1691 2031 1735 quum
2055 1683 2224 1735 praeter
2245 1677 2372 1721 deum
2393 1677 2494 1721 nibil
2515 1677 2592 1728 sit,
2624 1692 2765 1737 neque

308 1758 571 1814 comparatio
618 1758 708 1816 ejus
754 1765 931 1801 naturae
965 1772 1063 1801 cum
1096 1758 1190 1801 aliis
1222 1756 1381 1799 naturis
1415 1755 1574 1798 institui
1608 1762 1762 1812 potest.
1827 1754 1995 1807 Quibus
2027 1756 2229 1807 efficitur,
2262 1756 2327 1807 id,
2360 1757 2479 1815 quod
2509 1757 2612 1800 nibil
2638 1758 2767 1816 juxta

300 1852 346 1881 se
389 1837 567 1888 habeat,
619 1853 696 1881 nec
747 1853 879 1882 unum
926 1853 1003 1881 nec
1054 1838 1215 1881 bonum
1262 1836 1343 1880 dici
1390 1849 1531 1893 posse.
1607 1836 1698 1879 Imo
1743 1850 1796 1879 ne
1843 1835 1971 1879 habet
2004 1835 2107 1880 deus
2144 1836 2314 1895 quidem
2336 1836 2648 1898 *conscientiam
2685 1838 2765 1882 sui.

298 1919 406 1962 Nam
440 1918 543 1978 quid
576 1918 628 1962 de
660 1932 706 1962 se
738 1918 833 1976 ipso
871 1918 1040 1962 noverit
1074 1918 1137 1969 is,
1171 1918 1245 1977 qui
1278 1917 1411 1961 nullas
1448 1929 1625 1973 prorsus
1659 1916 1884 1974 qualitates
1917 1915 2107 1960 habeat?

362 1999 590 2043 Continent
622 2000 751 2057 igitur
782 1999 929 2049 ideae,
961 2014 1061 2043 nam
1094 1999 1212 2042 lucro
1247 1997 1549 2056 apponendum
1582 2001 1645 2038 est
1677 1994 1881 2054 quicquid
1914 1996 2153 2040 accuratius
2188 1996 2240 2040 de
2273 2010 2418 2041 earum
2446 2002 2598 2041 natura
2620 2011 2645 2040 a
2666 1996 2765 2041 Pla-

299 2085 400 2123 tone
433 2079 579 2123 relicta
611 2079 836 2131 discimus,
886 2080 1102 2138 qualitales
1132 2095 1299 2130 rerum,
1347 2091 1531 2136 easque,
1580 2082 1791 2133 quatenus
1833 2075 1995 2135 absque
2033 2076 2212 2121 materia
2247 2075 2498 2135 cogitentur.
2561 2075 2768 2120 Absentia

301 2160 503 2204 materiae
551 2174 683 2217 porro
728 2160 876 2211 efficit,
929 2167 974 2204 ut
1026 2159 1145 2204 ideae
1192 2159 1354 2204 nullum
1398 2160 1541 2203 locum
1587 2156 1761 2215 proprie
1814 2156 1873 2202 ita
1906 2155 2065 2201 dictum
2100 2157 2168 2201 vel
2200 2156 2383 2215 spatium
2416 2156 2654 2215 compleant
2685 2170 2765 2200 nec

309 2241 513 2298 temporis
548 2240 745 2284 distantia
777 2257 802 2285 a
835 2256 880 2285 se
912 2240 1094 2285 invicem
1126 2240 1356 2299 disjunctae
1389 2239 1493 2288 sint,
1526 2239 1584 2283 ita
1618 2245 1666 2282 ut
1698 2237 1741 2281 in
1776 2236 1937 2282 mundo
1970 2236 2164 2282 idearum
2191 2236 2289 2296 jure
2321 2236 2403 2282 dici
2424 2236 2585 2296 possit,
2618 2236 2762 2282 omnia

305 2335 390 2364 nna
422 2336 471 2364 ac
503 2334 673 2377 semper
706 2334 814 2363 esse.

362 2401 636 2444 Pervenimus
675 2402 765 2460 jam
813 2401 867 2444 ad
901 2415 1058 2443 novam
1090 2400 1395 2443 emanationem
1430 2415 1486 2442 ex
1518 2400 1730 2443 intellectu
1763 2397 1884 2457 (νοῦ),
1934 2406 1982 2441 ut
2012 2398 2343 2456 praecedentes,
2385 2398 2424 2442 ei
2456 2397 2634 2441 similem
2668 2397 2766 2457 qui-

246 2522 252 2538 ,
298 2481 395 2525 dem
445 2489 487 2525 at
536 2496 639 2525 vero
692 2481 942 2524 debiliorem
988 2496 1037 2524 ac
1069 2495 1156 2523 non
1190 2480 1247 2524 ita
1279 2487 1577 2538 praestantem.
1642 2482 1719 2523 Est
1752 2479 1917 2523 animus
1949 2478 2106 2538 (ψυχή).
2171 2480 2247 2523 Est
2279 2479 2384 2523 haec
2414 2477 2625 2522 emanatio
2656 2477 2768 2522 infra

299 2560 544 2619 dignitatem
578 2562 758 2606 duarum
793 2561 1139 2619 praecedentium
1169 2561 1292 2611 ideo,
1326 2561 1441 2618 quod
1467 2575 1625 2604 novum
1648 2561 1883 2610 factorem,
1915 2566 1962 2603 ut
1983 2559 2042 2603 ita
2076 2559 2239 2610 dicam,
2273 2558 2472 2616 suscipit,
2509 2572 2597 2617 quo
2619 2558 2764 2602 unitas

300 2641 454 2685 summi
486 2641 680 2699 principii
712 2641 846 2698 magis
880 2640 1008 2684 etiam
1043 2640 1254 2684 divellitur
1288 2646 1330 2683 et
1360 2640 1538 2698 propius
1562 2639 1723 2683 accedit
1745 2639 1799 2683 ad
1821 2645 2014 2682 naturam
2037 2638 2265 2690 infinitam,
2295 2651 2527 2696 numquam
2549 2636 2629 2680 sibi
2651 2650 2759 2681 con-

301 2727 505 2771 stantem,
540 2721 757 2765 materiae.
821 2722 898 2764 Est
931 2720 999 2764 bic
1031 2734 1170 2763 novus
1203 2720 1338 2763 factor
1359 2728 1540 2778 tempus.
1606 2719 1815 2763 Nimirum
1839 2733 1970 2776 quum
1997 2719 2040 2762 in
2062 2718 2240 2777 regione
2262 2718 2451 2763 idearum
2473 2716 2615 2761 omnia
2637 2715 2768 2761 simul

301 2816 352 2844 ac
385 2816 470 2844 una
503 2801 615 2851 sint,
646 2800 751 2845 baec
782 2816 896 2845 nova
930 2801 1060 2845 animi
1093 2800 1307 2844 emanatio
1338 2800 1396 2844 ita
1429 2800 1575 2844 debilis
1609 2807 1701 2850 est,
1734 2805 1806 2849 ut,
1841 2814 1951 2858 quae
1984 2799 2042 2843 ibi
2064 2814 2152 2843 non
2176 2799 2383 2858 disjuncta
2403 2803 2553 2849 erant,
2584 2810 2763 2855 prorsus

303 2887 500 2937 segreget
547 2894 597 2924 ac
646 2896 777 2925 unum
823 2888 923 2938 post
967 2881 1148 2924 alterum
1180 2886 1328 2938 ponat.
1392 2881 1454 2923 En
1488 2880 1695 2937 originem
1730 2878 1966 2936 temporis:
2015 2885 2081 2923 est
2113 2893 2266 2936 nempe
2298 2877 2511 2922 successio
2542 2877 2767 2928 idearum,

302 2975 410 3019 quas
443 2962 611 3005 animus
644 2976 731 3005 non
762 2962 821 3006 ita
853 2962 1072 3020 suscipere
1106 2960 1241 3012 valet,
1276 2961 1420 3018 quales
1453 2976 1603 3005 revera
1636 2968 1734 3004 sunt
1754 2993 1766 3011 ,
1799 2959 1873 3003 sed
1906 2958 2065 3004 divellit
2096 2966 2226 3018 atque
2259 2958 2319 3003 ita
2351 2957 2596 3017 corrumpit.

362 3043 458 3086 Huc
506 3041 691 3099 pertinet
737 3057 909 3102 quoque
959 3043 1086 3101 spatii
1131 3042 1279 3094 notio,
1329 3056 1461 3101 quae,
1511 3056 1643 3101 quum
1689 3042 1734 3085 in
1765 3040 1927 3085 mundo
1959 3038 2153 3084 idearum
2185 3039 2303 3085 nulla
2334 3046 2470 3092 esset,
2515 3039 2610 3090 bic,
2657 3036 2766 3081 ideis

300 3120 478 3167 divulsis
512 3138 563 3167 ac
596 3120 825 3173 distinctis,
857 3123 1097 3168 necessaria
1128 3121 1189 3167 fit.
1256 3120 1356 3174 Qua
1388 3121 1431 3165 in
1464 3137 1510 3166 re
1542 3121 1735 3167 Plotinus
1768 3127 1917 3166 noster
1948 3120 2072 3179 quasi
2094 3119 2238 3166 animo
2259 3118 2511 3166 vaticinatus
2532 3126 2621 3173 est,
2653 3131 2768 3181 quac

303 3201 560 3251 reformator
604 3200 930 3261 philosophiae.
978 3202 1183 3255 Kantius,
1227 3200 1361 3248 multa
1410 3201 1578 3248 saecula
1624 3208 1726 3261 post
1770 3199 1825 3247 de
1869 3206 2022 3247 natura
2051 3198 2179 3259 plane
2209 3197 2442 3260 subjectiva
2472 3196 2680 3258 temporis
2712 3210 2766 3244 ac
