3014 3706
1460 180 1524 229 11

272 326 430 376 arctius
477 322 727 383 coniunctos
775 336 869 368 esse
914 337 1010 368 cum
1059 323 1145 369 vita
1192 323 1362 369 animali
1412 330 1454 368 et
1491 324 1688 382 proxime
1732 323 1775 368 id
1823 330 2039 382 spectare,
2088 331 2135 368 ut
2167 324 2360 383 corporis
2392 322 2715 369 necessitatibus

260 403 461 453 suffit.
1364 406 1367 409 ’

261 491 266 497 “
331 484 471 530 Pluris
502 491 643 528 autom
675 490 822 526 nostra
851 482 1027 525 interest
1057 481 1237 531 vidisse,
1287 483 1413 539 quale
1441 484 1498 526 sit
1529 484 1699 527 tandem
1729 484 1832 526 illud
1863 497 2011 526 verum
2044 484 2290 540 pulchrum,
2340 484 2457 542 quod
2491 484 2536 527 in
2570 485 2714 542 figuris

270 563 603 626 mtbemtticis,
648 562 692 606 in
736 561 952 607 coloribus
998 568 1041 605 et
1071 560 1187 605 sonis
1220 577 1394 621 quoque
1424 563 1559 607 multo
1591 563 1743 607 clarius
1778 578 1906 620 quam
1937 563 1981 606 in
2013 563 2140 607 rebus
2174 564 2415 622 vulgaribus
2431 598 2442 614 ‚
2490 580 2570 608 nec
2600 565 2716 609 rela-

266 646 358 691 tive
389 649 604 705 appareat.

330 712 489 782 Pergit
503 722 650 780 itaque
677 723 874 767 Socrates
904 723 1192 781 interrogare:

243 794 246 798 ⁴
336 803 537 863 „utrum
581 800 649 852 id,
704 801 853 860 quod
899 816 1099 859 purum
1147 811 1235 845 est
1283 818 1342 845 ac
1391 804 1708 851 sincerum,
1760 818 1811 845 an
1857 802 1924 850 id,
1973 800 2091 859 quod
2134 801 2357 844 vehemens
2390 809 2432 844 et
2465 802 2642 844 multum
2676 810 2718 844 et

275 916 305 944 „
325 895 525 941 maguum
558 887 600 924 et
632 881 733 925 satis
764 882 974 939 amplum,
1012 867 1233 927 dicendum
1271 891 1335 927 est
1371 884 1424 927 ad
1460 883 1680 926 veritatem
1711 883 1937 924 conferre?
1975 907 2035 912 —
2068 882 2371 924 Pnouacims.
2417 883 2517 933 Quo
2541 883 2718 924 consilio

276 995 305 1022 „
327 963 411 1005 hoc
454 964 615 1020 rogas?
663 988 725 994 —
771 962 901 1003 Socn.
976 961 1086 1003 Nihil
1131 962 1174 1004 in
1222 962 1526 1019 disceptatione
1559 963 1611 1004 de
1643 962 1863 1017 voluptate
1896 968 1939 1002 et
1967 961 2146 1012 ‚scientia
2178 962 2510 1016 praetermittere
2544 963 2716 1008 vellem:

277 1075 307 1101 „
328 1043 364 1085 si
401 1040 572 1100 quidem
602 1041 645 1083 in
678 1048 861 1099 utroque
892 1055 1040 1083 eorum
1074 1042 1216 1099 portio
1255 1042 1463 1101 quaedam
1496 1057 1629 1099 pura,
1664 1041 1871 1098 quaedam
1905 1039 2073 1097 impura
2106 1048 2194 1090 est,
2228 1049 2274 1083 ut
2307 1049 2532 1098 utrumque
2565 1057 2721 1098 purum

274 1155 303 1182 „
325 1122 369 1165 in
395 1120 602 1181 judicium
633 1119 776 1164 veniat
807 1127 849 1162 et
880 1120 1004 1172 mihi,
1037 1121 1112 1164 tibi
1145 1130 1187 1165 et
1218 1123 1415 1165 omnibus
1447 1123 1563 1166 hisce
1597 1137 1642 1165 se
1675 1122 1913 1180 expeditius
1946 1121 1998 1164 ad
2016 1121 2292 1179 judicandum
2313 1120 2527 1177 praebeat.
2582 1123 2719 1164 Puor.

274 1237 304 1264 „
325 1201 587 1246 Rectissime.
650 1202 781 1245 Socn.
844 1202 1059 1259 Agedum,
1093 1203 1145 1245 de
1178 1204 1398 1255 omnibus,
1432 1218 1542 1262 quae
1572 1217 1681 1261 pura
1707 1209 1828 1252 sunt,
1860 1200 2085 1259 generibus
2123 1208 2358 1244 statuamus
2400 1201 2483 1243 sic:
2518 1201 2722 1260 eligamus

276 1315 306 1341 „
327 1283 511 1340 primum
543 1295 693 1325 eorum
723 1295 855 1324 unum
887 1281 1078 1339 aliquod,
1111 1283 1237 1342 idque
1270 1284 1555 1341 exploremus,
1618 1284 1756 1326 Paor.
1803 1282 1918 1333 Quid
1939 1282 2068 1339 igitur
2090 1282 2325 1339 eligemus?
2390 1283 2520 1323 Socn.
2570 1282 2725 1325 Album

275 1394 304 1421 „
325 1374 483 1420 genus,
516 1361 552 1404 si
581 1362 669 1411 vis,
701 1360 840 1419 primo
874 1361 1154 1419 exploremus.
1226 1364 1363 1406 Pnor.
1427 1364 1537 1406 Volo
1571 1362 1780 1422 equidem.
1857 1362 1987 1404 80οιι.
2053 1360 2285 1411 Quomodo
2320 1366 2362 1402 et
2394 1361 2530 1417 qualis
2563 1361 2724 1418 puritas

275 1471 305 1499 „
327 1440 411 1484 albi
460 1439 582 1482 nobis
615 1439 724 1481 erit?
787 1439 937 1481 Utrum
974 1439 1030 1499 (id
1061 1440 1330 1499 purissimum
1363 1443 1468 1501 est),
1514 1441 1630 1500 quod
1662 1447 1727 1483 est
1759 1440 1990 1482 maximum
2024 1446 2066 1480 et
2096 1440 2350 1497 plurimum,
2401 1453 2451 1480 an
2486 1440 2551 1488 id,
2604 1440 2722 1497 quod

274 1552 303 1578 „
325 1520 508 1562 maxime
538 1518 873 1575 impermistum,
907 1520 973 1561 cui
1009 1521 1212 1577 particula
1243 1521 1359 1564 nulla
1391 1522 1497 1564 alius
1530 1520 1686 1563 coloris
1717 1521 1856 1562 inest?
1920 1520 2057 1561 Pnor.
2123 1520 2321 1567 Constat3
2356 1520 2398 1561 id
2431 1519 2549 1576 quod
2583 1520 2721 1559 maxi-

275 1613 395 1656 „me
427 1597 635 1642 sincerum
671 1604 747 1641 est.
802 1598 932 1643 Socn.
985 1599 1125 1644 Recte.
1181 1601 1374 1645 Nonne
1417 1600 1604 1659 igitur
1635 1599 1741 1643 boc
1773 1598 2137 1643 verissimum
2171 1604 2222 1640 et
2254 1598 2419 1641 simul
2452 1597 2722 1656 pulcher-

275 1666 526 1739 „r'i'mum
580 1677 841 1722 alborum
897 1678 1138 1723 omnium
1190 1693 1488 1738 ponemus,
1541 1694 1628 1723 non
1673 1693 1777 1723 vero
1823 1679 1892 1729 id,
1947 1678 2064 1737 quod
2113 1677 2364 1735 plurimum,
2418 1692 2555 1736 neque
2605 1676 2723 1735 quod

276 1757 560 1817 „maximum
594 1759 691 1802 est?
756 1757 892 1802 Pnor.
956 1758 1215 1804 Rectissime.
1280 1759 1410 1804 Socn.
1458 1760 1515 1805 Si
1547 1775 1709 1818 erg0,
1744 1758 1893 1817 quod
1925 1773 2158 1816 parvum
2192 1772 2497 1816 parumque
2531 1757 2721 1802 album

275 1844 441 1897 „est‚
495 1837 750 1881 admixto
794 1838 969 1882 multo
1015 1838 1161 1891 albo,
1204 1838 1398 1884 albius
1444 1840 1618 1884 simul
1675 1846 1729 1882 et
1778 1838 2085 1896 pulchrius
2135 1845 2187 1880 et
2237 1838 2428 1881 verius
2472 1851 2592 1880 esse
2640 1837 2719 1880 di-

277 1952 305 1977 „
328 1933 542 1968 camuS,
591 1926 751 1962 recte
800 1920 1030 1977 penitus
1081 1924 1441 1964 asseremus?
1506 1922 1642 1963 Pnor.
1707 1919 1954 1963 Rectissime
2007 1926 2133 1961 certe,
2198 1919 2329 1962 Socn.
2394 1916 2507 1969 Quid
2556 1916 2721 1975 igitur?

276 2032 305 2057 „
327 1999 525 2043 Profecto
574 2013 659 2042 non
711 1998 850 2042 multis
899 1998 1104 2057 ejusmodi
1156 2000 1357 2058 exemplis
1408 2001 1624 2059 egebimus
1670 2000 1723 2044 ad
1767 1999 2014 2042 sententiam
2048 2005 2237 2042 nostram
2274 1999 2324 2041 de
2358 1999 2600 2056 voluptate,
2649 1998 2722 2041 sed

276 2111 305 2136 „
328 2079 480 2123 sufficit
526 2078 650 2122 nobis
705 2078 802 2122 hinc
848 2093 996 2130 nosse,
1046 2094 1170 2123 omne
1209 2081 1443 2139 jucundum
1487 2088 1529 2125 et
1570 2088 1739 2139 gratum
1783 2095 1960 2136 parvum
1996 2087 2036 2123 et
2069 2094 2244 2136 parum,
2296 2079 2341 2121 si
2380 2094 2567 2136 purum
2610 2086 2722 2128 est,

276 2193 306 2218 „
326 2158 488 2217 gratius
529 2164 571 2202 et
601 2157 741 2202 verius
776 2166 818 2202 et
848 2159 1151 2216 pulchrius
1185 2175 1312 2203 esse
1344 2176 1500 2219 magno
1521 2195 1532 2213 ,
1568 2162 1637 2205 cui
1671 2161 1851 2204 multum
1886 2160 2045 2203 doloris
2080 2160 2323 2218 adjunctum
2359 2160 2448 2203 sit.'’

338 2238 565 2283 Pulchrum
597 2239 748 2296 igitur,
784 2239 901 2296 quod
930 2239 973 2283 in
1005 2240 1130 2283 rebus
1164 2241 1429 2298 vulgaribus,
1464 2241 1655 2285 sensibus
1679 2240 1904 2299 subjectis,
1927 2239 2138 2283 invenitur
2161 2239 2357 2297 quidem,
2397 2240 2469 2283 sed
2491 2253 2721 2297 numquam

276 2332 456 2376 purum,
500 2318 616 2377 quod
659 2317 847 2364 auditum
889 2318 1110 2379 visumque
1151 2320 1367 2378 voluptate
1410 2321 1559 2374 afficit,
1599 2323 1667 2366 cui
1708 2332 1841 2366 tamen
1888 2321 2006 2365 dolor
2049 2321 2254 2379 oppositus
2286 2331 2363 2371 est,
2396 2349 2456 2355 —
2489 2319 2592 2365 illud
2624 2319 2721 2377 pul-

278 2396 424 2442 chrum
466 2396 615 2456 purius
661 2397 950 2456 sinceriusque
993 2398 1102 2444 inest
1141 2400 1182 2444 in
1215 2400 1358 2458 figuris
1392 2402 1721 2453 mathematicis,
1762 2400 1806 2445 in
1842 2400 2082 2451 coloribus,
2125 2414 2210 2444 non
2245 2408 2454 2459 quatenus
2488 2401 2530 2444 in
2564 2413 2721 2457 corpo-

275 2473 395 2521 ribus
438 2477 550 2529 sint,
608 2476 682 2521 sed
723 2477 916 2523 absolute
957 2493 1035 2537 per
1075 2493 1119 2524 se
1161 2479 1384 2537 spectatiS,
1427 2487 1553 2539 atque
1601 2481 1644 2525 in
1693 2480 1757 2526 his
1809 2480 1934 2525 rebus
1977 2479 2150 2537 praebet
2182 2479 2465 2537 voluptatem,
2511 2480 2579 2524 cui
2605 2480 2722 2523 dolor

278 2557 419 2602 nullus
444 2558 662 2615 permistus
692 2567 765 2603 aut
799 2559 1000 2616 oppositus
1033 2569 1098 2604 est.

344 2636 400 2679 At
447 2635 514 2681 hic
563 2637 719 2682 minine
767 2637 1100 2689 subsistendum,
1150 2639 1223 2683 sed
1270 2638 1591 2698 inquirendum,
1635 2655 1744 2699 quae
1797 2639 1850 2684 sit
1901 2654 2032 2698 porro
2083 2651 2208 2682 causa
2258 2652 2332 2681 cur
2380 2636 2449 2682 illa
2499 2637 2721 2695 voluptas,

279 2729 405 2773 quam
455 2732 478 2761 e
519 2717 664 2777 figuris
713 2717 1014 2763 mathematicis
1058 2718 1360 2777 percipiamuS,
1409 2719 1462 2764 sit
1505 2719 1811 2779 jucundissima
1858 2719 2041 2777 ideoque
2086 2716 2377 2775 pulcherrima.
2442 2717 2496 2760 Et
2526 2724 2623 2760 sunt
2657 2715 2720 2776 (1)

276 2795 482 2853 imprimis
525 2799 677 2843 modus
715 2806 757 2843 et
804 2800 1078 2857 congruentia
1126 2800 1331 2859 (μετριότης
1359 2805 1422 2845 καὶ
1449 2801 1701 2860 &upapam-pla),
1746 2816 1882 2860 quae,
1930 2808 1977 2843 ut
2019 2801 2060 2842 in
2109 2799 2248 2842 animo
2295 2798 2493 2841 virtutem
2526 2799 2720 2856 pariunt,

278 2875 338 2920 ita
377 2873 549 2937 quoque
590 2878 701 2924 visui
744 2879 989 2938 audituique
1029 2881 1267 2938 voluptates
1309 2895 1436 2938 puras
1479 2882 1695 2939 praebent.
1782 2882 1918 2924 Hasce
1970 2894 2071 2923 vero
2118 2877 2340 2936 qualitates
2387 2876 2559 2922 minime
2607 2878 2720 2922 idem

279 2969 373 2999 esse
414 2972 464 3000 ac
506 2959 755 3016 pulchrum,
800 2976 823 3004 e
866 2960 1136 3019 sequentibus
1180 2961 1278 3005 satis
1323 2976 1533 3020 superque
1576 2969 1752 3019 apparet
1786 2960 1847 3019 (2)
1866 2993 1877 3012 ,
1926 2960 1998 3003 ubi
2041 2958 2304 3012 ἦξυμμετρία
2327 2957 2454 3015 juxta
2494 2958 2720 3016 pulchrum

431 3166 441 3176 .
466 3142 524 3178 64,
548 3141 590 3180 E.

328 3139 382 3252 g}
405 3151 510 3243 ΙΙ)ιί011ι
534 3208 714 3247 verissime
738 3221 882 3259 quoquc
907 3209 1045 3247 monuit
1068 3209 1216 3247 Creuzer
1239 3209 1285 3246 ad
1309 3209 1401 3246 Plot.
1427 3209 1472 3246 de
1495 3209 1659 3258 pulchro,
1686 3221 1721 3257 p.
1750 3208 1832 3245 147.
