3014 3706
1414 142 1486 193 15

288 290 668 351 Vid'mns'itaque.
689 285 762 333 ubi
781 301 928 333 verum
951 288 1175 346 pulchrum
1196 288 1484 347 quaerendum
1506 288 1579 340 sit,
1600 288 1734 348 qualis
1754 288 1845 348 ejus
1866 295 2018 332 natura
2034 287 2089 331 sit
2106 287 2293 332 nondum
2309 286 2568 337 invenimus.
2590 288 2667 332 sed

228 368 406 431 καᾷόπερ
432 367 469 411 et
491 367 550 430 τίς
576 381 662 409 τινα
689 364 879 418 ἄνθρωπον
905 364 1020 417 ζητῶν
1046 366 1114 413 ’νῦν
1140 365 1275 414 binum
1300 370 1438 418 πρῶτον
1462 366 1593 418 ὀρθῶς,
1622 364 1665 407 ἵν’
1690 368 1790 412 οἰκεῖ,
1819 366 1967 409 πύθοιτ’
1993 367 2125 415 αὐτοῦ,
2156 365 2264 416 μέγα
2287 382 2324 407 τι
2348 366 2464 414 δήπου
2490 367 2577 417 πρὸς
2598 367 2667 414 rin

225 435 365 511 scm.»
388 446 438 489 a..
462 446 544 498 ιχοι
567 448 633 487 τοῦ
661 442 880 495 {anonam
910 445 1033 503 (run.
1064 460 1107 504 p.
1141 447 1195 489 61
1232 445 1298 505 n).

286 530 382 576 Jam
425 529 698 593 praecipnpm
743 526 939 571 meritum
980 524 1273 584 philosophiae
1312 525 1719 584 Novae-platonicae
1764 525 1807 568 in
1845 540 1897 569 eo
1941 525 2067 569 situm
2099 533 2187 576 est,
2228 534 2275 569 ut
2307 542 2439 586 quum
2471 534 2665 572 naturam

225 610 417 658 idearum
461 617 505 657 et
544 593 745 654 materiae
787 606 1022 658 accuratius
1065 604 1326 655 describere,
1376 613 1465 649 tum
1510 605 1721 649 vinculum
1734 637 1745 656 ‚
1795 620 1882 664 quo
1930 606 2050 650 ideae
2082 620 2176 649 cum
2210 608 2383 652 materia
2415 609 2666 668 conjunctae

226 692 310 738 sint
353 697 395 737 et
438 688 637 740 modum,
681 701 770 747 quo
813 686 994 732 mundus
1028 684 1319 745 adspectabilis
1352 685 1406 729 ad
1438 687 1568 730 instar
1598 685 1707 730 illius
1740 684 1885 730 idealis
1920 693 2085 729 creatus
2120 686 2173 730 sit
2205 686 2433 745 explanare
2473 695 2663 733 conetur.

225 772 389 832 Nempe
434 769 549 827 apud
588 768 807 813 Platonem
853 766 958 811 haec
995 766 1136 811 omnia
1167 767 1225 811 ita
1257 766 1508 824 imaginibus
1541 781 1565 810 e
1595 766 1746 825 mythis
1779 766 2003 816 desumtis,
2056 773 2142 816 tot,
2192 774 2238 809 ut
2268 767 2325 810 ita
2359 767 2517 818 dicam,
2564 769 2665 811 alle-

225 849 358 909 goriis
402 846 580 907 poeticis
624 846 815 891 involuta
849 854 967 897 sunt,
1016 853 1062 890 ut
1094 853 1207 891 certa
1239 861 1289 890 ac
1321 845 1615 904 philosophica
1646 846 1697 890 de
1730 845 1969 890 istiusmodi
2002 846 2126 889 rebus
2161 845 2350 889 doctrina
2382 846 2498 889 nullo
2535 847 2665 891 modo

223 930 321 985 inde
354 927 527 974 delibari
560 928 708 986 possit.

288 1008 418 1061 Quod
463 1007 637 1051 minime
680 1008 787 1065 fugit
827 1007 1118 1056 Aristotelem,
1168 1021 1252 1049 non
1295 1008 1412 1050 illum
1457 1005 1804 1061 reprehensorem
1851 1020 1899 1048 ac
1951 999 2181 1047 derisorem
2197 1038 2209 1054 ,
2259 1006 2331 1047 sed
2381 1007 2664 1049 acutissimum

224 1087 414 1132 criticum
447 1085 742 1144 philosophiae
772 1086 1021 1144 platonicae.
1086 1085 1314 1129 Transtulit
1346 1093 1387 1128 et
1419 1085 1486 1129 hic
1517 1084 1634 1127 ideas
1667 1084 1710 1126 in
1742 1098 1809 1126 res
1843 1084 2147 1141 adspectabiles
2180 1083 2308 1140 ipsas.
2374 1085 2515 1135 Quum
2556 1086 2666 1128 enim

224 1166 338 1226 apud
380 1166 598 1210 Platonem
643 1164 823 1208 mundus
853 1160 1042 1208 idearum
1075 1164 1201 1222 longe
1232 1179 1256 1208 a
1290 1164 1449 1208 mundo
1484 1162 1755 1220 adspectabili
1787 1171 1974 1207 remotus
2006 1164 2192 1207 humano
2226 1164 2353 1207 oculo
2387 1165 2547 1222 percipi
2581 1180 2666 1207 non

224 1246 383 1305 possit,
417 1245 613 1304 Stagirita
645 1257 702 1288 ex
731 1244 837 1287 ideis
868 1244 966 1287 fecit
998 1244 1316 1288 unamillarum
1349 1250 1534 1302 quatuor
1564 1243 1861 1294 essentiarum,
1897 1258 1920 1287 e
1953 1244 2104 1302 quibus
2137 1258 2204 1286 res
2235 1257 2383 1287 omnes
2405 1245 2667 1302 compositae

228 1325 323 1370 sint.
388 1326 495 1369 Sunt
535 1324 639 1369 baec
681 1322 886 1382 principia
929 1337 1003 1366 seu
1036 1324 1261 1374 essentiae,
1306 1338 1416 1382 quae
1448 1322 1727 1381 philosophus
1761 1323 1960 1367 methodo
1994 1324 2198 1382 analytica
2230 1324 2271 1366 in
2308 1324 2505 1367 omnibus
2539 1324 2665 1368 rebus

225 1404 518 1463 deprehendit,
550 1410 598 1447 ut
630 1403 730 1447 satis
762 1409 910 1446 notum
944 1410 1030 1451 est,
1064 1403 1236 1447 materia
1268 1416 1343 1446 seu
1377 1402 1630 1461 principium
1662 1403 1874 1446 materiale
1907 1401 2033 1462 (ὕλη),
2068 1419 2090 1447 e
2121 1418 2205 1461 qua
2226 1418 2294 1447 res
2316 1405 2555 1462 composita
2578 1412 2664 1453 est;

224 1484 359 1529 altero
390 1484 486 1527 loco
519 1483 772 1541 principium
802 1483 978 1525 formale
1011 1496 1084 1525 seu
1117 1483 1364 1540 complexus
1398 1482 1588 1526 omnium
1623 1482 1871 1540 qualitatum
1902 1483 2211 1540 specificarum3
2252 1484 2377 1526 tertio
2410 1484 2663 1541 principium

223 1577 374 1607 causae
396 1561 630 1610 moventis:
665 1568 817 1621 quarto
839 1560 942 1604 illud
966 1575 1115 1604 causae
1137 1561 1283 1605 finaIiS.
1338 1562 1503 1605 Horum
1525 1561 1827 1619 principiorum
1848 1561 1910 1609 id.
1934 1561 2050 1620 quod
2072 1562 2219 1605 ordine
2243 1562 2429 1605 secundo
2454 1562 2636 1605 diximus
2651 1595 2663 1613 ,

222 1642 404 1686 eundem
435 1641 576 1686 locum
609 1646 789 1698 occupat
820 1655 870 1684 ac
901 1640 1021 1684 ideae
1052 1639 1297 1696 platonicae.
1360 1641 1556 1685 Attamen
1589 1655 1787 1699 magnum
1822 1640 2044 1684 discrimen
2078 1641 2265 1685 interest.
2332 1643 2439 1685 Nam
2472 1649 2663 1699 praeter-

222 1735 349 1781 quam
395 1721 513 1781 quod
542 1719 663 1765 ideae
694 1719 931 1778 platonicae
964 1734 987 1763 a
1011 1719 1146 1763 ‘rebus
1181 1725 1367 1764 semotae
1398 1721 1442 1765 in
1477 1719 1561 1764 alio
1595 1720 1753 1764 mundo
1787 1735 1866 1778 pro
1901 1735 1992 1764 sese
2026 1721 2232 1770 existunt,
2280 1720 2378 1764 dum
2412 1721 2664 1779 principium

220 1800 397 1845 formale
418 1799 657 1845 Aristotelis
678 1799 721 1843 in
744 1798 871 1844 rebus
893 1799 995 1857 ipsis
1020 1799 1137 1843 adest
1155 1798 1290 1858 iisque
1312 1813 1384 1843 eas
1408 1800 1629 1858 qualitates
1652 1801 1856 1858 impertit,
1891 1815 1995 1859 quas
2013 1801 2253 1844 essentiales
2273 1800 2447 1845 dicimus
2465 1801 2551 1845 sive
2571 1816 2662 1853 eas,

223 1895 310 1939 quo
342 1879 608 1924 individuum
642 1886 705 1923 est
736 1887 951 1938 tamquam
976 1879 1188 1936 exemplar
1209 1894 1284 1923 seu
1304 1880 1645 1937 repraesentator
1666 1881 1789 1939 hujus
1812 1881 1976 1924 illiusve
1999 1880 2165 1938 generis
2188 1896 2327 1924 rerum
2344 1915 2356 1930 ,
2389 1882 2663 1938 praecipuum

224 1959 447 2004 discrimen
479 1967 567 2010 est,
599 1959 715 2019 quod
747 1959 868 2004 ideae
902 1959 1138 2017 platonicae
1173 1966 1267 2002 sunt
1288 1973 1355 2003 res
1377 1974 1526 2003 revera
1548 1960 1798 2010 existentes,
1831 1960 2081 2018 principium
2103 1961 2278 2004 formale
2301 1961 2536 2003 Aristotelis
2559 1975 2662 2019 vero

222 2055 340 2085 mera
372 2041 566 2099 cogatio,
599 2055 725 2099 quam
757 2054 876 2083 mens
909 2048 1052 2082 nostra
1086 2038 1164 2081 sihi
1195 2040 1390 2082 informet
1423 2039 1549 2082 rebus
1584 2039 1849 2083 sensibilibus
1884 2040 2163 2098 adspiciendis
2186 2049 2465 2099 accurateque
2487 2041 2663 2084 investi-

220 2120 386 2178 gando,
425 2135 633 2180 quaenam
665 2135 810 2165 earum
843 2119 1063 2179 qualitates
1096 2119 1197 2162 sint:
1233 2134 1342 2177 quae
1371 2134 1516 2162 earum
1538 2120 1668 2163 modo
1691 2120 1744 2163 ad
1766 2120 1923 2179 aliquid
1947 2120 2209 2163 individuum
2233 2136 2256 2163 a
2279 2122 2453 2164 caeteris
2476 2121 2664 2179 ejusdem

222 2198 376 2257 speciei
417 2199 757 2258 distinguendum
789 2199 1049 2257 pertineant,
1088 2213 1196 2256 quae
1230 2199 1355 2257 vulgo
1390 2199 1586 2243 dicuntur
1618 2200 1918 2249 accidentales;
1964 2216 2072 2259 quae
2105 2208 2252 2244 contra
2287 2202 2548 2245 necessariae
2582 2202 2663 2244 sint

221 2279 274 2323 ad
307 2280 490 2337 speciem
521 2281 655 2337 ipsam
690 2279 1058 2324 determinandam.
1123 2279 1221 2330 Quo
1254 2279 1321 2328 fit,
1355 2287 1422 2329 ut,
1456 2293 1587 2336 quum
1620 2279 1740 2323 ideae
1774 2280 1854 2323 sint
1886 2280 2141 2337 exemplaria
2174 2281 2226 2324 ad
2259 2295 2441 2339 quorum
2470 2295 2662 2324 normam

220 2357 364 2416 opifex
383 2373 451 2403 res
473 2360 618 2403 mundi
639 2359 792 2404 vitiose
814 2359 982 2403 finxerit
997 2392 1008 2410 ‚
1042 2359 1165 2416 plane
1190 2358 1334 2402 eadem
1357 2358 1543 2407 ratione,
1573 2372 1659 2415 qua
1679 2358 1732 2408 ii,
1769 2359 1841 2417 qui
1864 2374 1903 2402 v.
1928 2375 1963 2402 c..
1986 2359 2191 2417 picturam
2217 2360 2444 2409 docentur,
2468 2359 2660 2416 exempla

219 2452 245 2482 a
283 2439 485 2497 magistro
528 2446 625 2484 ante
667 2439 815 2484 oculos
859 2439 998 2497 posita
1041 2438 1277 2488 imitantur,
1322 2437 1650 2494 pulcherrimum
1693 2439 1733 2481 in
1782 2453 2054 2497 quocumque
2087 2454 2227 2483 rerum
2260 2453 2412 2497 genere
2448 2446 2488 2482 et
2521 2439 2659 2496 specie

219 2518 262 2561 in
294 2518 345 2562 iis
379 2520 666 2579 quaerendum
699 2521 774 2568 sit;
821 2527 864 2563 at
894 2520 1006 2563 idem
1039 2534 1124 2562 non
1155 2518 1213 2561 ita
1246 2526 1394 2574 sponte
1426 2525 1542 2575 patet
1574 2533 1629 2561 ex
1664 2519 1904 2562 Aristotelis
1941 2520 2148 2577 principio
2179 2520 2355 2564 formali.
2422 2521 2515 2563 Hoc
2547 2520 2657 2562 enim

219 2596 399 2654 petitum·
429 2605 492 2643 est
525 2614 548 2643 e
580 2614 721 2644 rerum
753 2605 904 2643 natura
936 2600 1029 2656 ipsa
1062 2613 1111 2643 ac
1143 2598 1273 2642 nullas
1307 2597 1493 2641 continet
1525 2597 1606 2641 nisi
1638 2612 1709 2642 eas
1741 2599 1926 2649 formas,
1970 2614 2074 2657 quas
2108 2614 2174 2642 res
2208 2599 2506 2656 adspectabiles
2539 2599 2656 2656 ipsae

218 2676 472 2735 praebeant,
503 2693 582 2724 nec
614 2679 657 2723 in
691 2693 743 2723 eo
779 2678 986 2736 principio
1014 2677 1305 2722 constituendo
1329 2677 1379 2721 de
1402 2676 1577 2734 pulchro
1601 2692 1652 2721 an
1677 2692 1762 2722 non
1785 2678 1962 2735 pulchro
1984 2678 2205 2737 cogitatur.
2270 2678 2446 2722 Ponitur
2470 2685 2657 2722 tantum-

218 2756 350 2801 modo
384 2771 436 2802 eo
469 2758 673 2810 consilio,
705 2767 752 2803 ut
783 2773 877 2809 res,
911 2774 1019 2818 quae
1051 2773 1249 2802 sensuum
1283 2772 1364 2815 ope
1395 2755 1708 2814 percipiuntur,
1743 2765 1839 2815 apte
1868 2758 2156 2802 describantur
2183 2759 2223 2802 in
2262 2758 2441 2807 classes,
2473 2774 2655 2817 genera,

219 2835 405 2892 species,
436 2844 568 2897 utque
601 2854 624 2882 e
660 2839 732 2883 tali
766 2839 973 2882 divisione
1006 2853 1145 2882 rerum
1178 2845 1326 2881 natura
1358 2836 1540 2894 penitius
1574 2845 1870 2894 cognoscatur.
1935 2841 1989 2882 At
2021 2839 2085 2881 vel
2118 2839 2176 2881 sic
2209 2846 2349 2882 tamen
2381 2839 2541 2882 nullum
2576 2840 2657 2882 du-

217 2916 334 2960 bium
369 2925 460 2967 est,
498 2918 600 2976 quin
639 2920 887 2964 Aristoteles
927 2934 1136 2962 summum
1174 2918 1334 2975 pulchri
1373 2917 1623 2975 principium
1660 2920 1851 2974 posuerit
1880 2919 1921 2961 in
1953 2919 2015 2961 his
2043 2919 2144 2975 ipsis
2174 2919 2441 2975 qualitatibus
2479 2921 2657 2977 speciei,

218 3010 272 3039 eo
321 3010 474 3048 sensu,
518 3006 565 3042 ut
612 2999 656 3043 id
707 3000 874 3044 demum
921 3000 1142 3057 pulchrum
1179 2998 1254 3048 sit,
1308 2999 1423 3054 quod
1455 2998 1529 3040 has
1561 2997 1676 3054 ipsas
1709 2998 1930 3056 qualitates
1964 3013 2087 3055 quam
2121 3000 2443 3055 perfectissimas
2477 3014 2579 3056 prae
2613 3015 2659 3043 se

217 3074 337 3120 ferat.
418 3077 576 3130 Quales
617 3080 827 3137 perfectae
860 3079 1017 3137 effigies
1053 3079 1207 3137 speciei
1239 3092 1369 3137 quum
1399 3078 1440 3120 in
1474 3077 1646 3134 singulis
1679 3077 1805 3120 rebus
1840 3078 1910 3120 vix
1943 3087 2190 3128 occurrant,
2235 3079 2403 3123 artificis
2437 3081 2660 3124 consilium

220 3168 273 3197 eo
322 3156 554 3208 constabit,
602 3166 655 3202 ut
699 3159 742 3203 in
792 3174 879 3203 uno
928 3159 1151 3203 simulacro
1200 3166 1321 3201 notas
1369 3157 1497 3200 totius
1532 3156 1685 3213 speciei
1718 3157 1881 3214 planius
1914 3173 1962 3201 ac
1993 3159 2217 3214 perfectius
2251 3160 2486 3216 exprimat,
2531 3175 2660 3218 quam
