3014 3706
378 1027 447 1096 In
476 1065 622 1097 mm
649 1065 818 1097 tuone
852 1051 904 1096 de
935 1052 1108 1110 pulchro
1144 1052 1361 1111 disputant
1393 1054 1590 1098 Socrates
1623 1059 1666 1097 et
1697 1052 1872 1111 Hippias
1911 1052 2123 1111 sophista,
2157 1060 2285 1112 atque
2318 1053 2389 1097 illo
2423 1061 2621 1111 rogante,
2655 1053 2758 1111 quid

319 1134 376 1179 sit
407 1131 656 1192 pulchrum,
687 1132 755 1177 hic
788 1147 875 1176 non
898 1134 1059 1178 dubitat
1088 1135 1347 1193 respondere
1369 1133 1457 1194 (1),
1489 1147 1701 1190 summum
1723 1133 1803 1177 sibi
1824 1132 2048 1191 pulchrum
2071 1134 2204 1178 videri
2225 1134 2432 1192 virginem
2453 1135 2670 1191 pulchram
2693 1134 2758 1195 (2)

319 1219 364 1261 et
395 1212 537 1259 statim
557 1211 693 1264 addit,
726 1218 941 1272 tamquam
963 1220 1278 1273 argumentum;
1311 1246 1340 1271 „
1358 1213 1457 1273 quia
1478 1212 1674 1259 omnihus
1696 1211 1755 1258 ita
1776 1212 1979 1258 videtur.”
2042 1212 2285 1258 Consensus
2309 1213 2499 1258 omnium
2522 1220 2587 1257 est
2606 1214 2758 1273 igitur,

319 1307 376 1340 ex
418 1292 621 1352 opinione
663 1293 903 1351 sophistae,
943 1308 1116 1346 norma,
1159 1309 1245 1354 qua
1275 1294 1497 1352 pulchrum
1530 1294 1844 1353 dijudicandum
1877 1295 1945 1337 sit.
2010 1295 2105 1338 Hoc
2137 1295 2266 1337 modo
2300 1300 2428 1337 notae
2460 1294 2624 1351 pulchri
2655 1294 2761 1338 fiunt

321 1388 438 1418 mere
470 1373 750 1432 subjectivae,
783 1388 911 1431 quam
944 1375 1189 1418 sententiam
1220 1374 1341 1418 multi
1374 1381 1491 1425 sunt,
1524 1374 1597 1433 qui
1629 1374 1868 1418 etiamnunc
1894 1388 2013 1418 suam
2035 1374 2216 1425 faciunt,
2249 1375 2307 1417 ita
2329 1381 2531 1432 negantes
2556 1374 2759 1418 aestheti-

322 1468 417 1499 eam
455 1454 500 1498 in
535 1453 773 1511 systematis
803 1454 983 1498 formam
1013 1454 1146 1512 redigi
1175 1468 1318 1511 posse.
1381 1455 1438 1499 At
1469 1453 1665 1498 Socrates
1698 1451 1942 1497 Platonicus
1976 1468 2063 1497 non
2096 1452 2325 1512 acquiescit
2355 1453 2399 1497 in
2431 1468 2639 1512 responso
2673 1460 2761 1499 tam

318 1533 508 1593 vulgari3
556 1547 698 1578 nonne
730 1548 840 1592 equa
870 1533 1064 1591 pulchra,
1107 1534 1266 1593 inquit,
1310 1534 1402 1592 lyra
1435 1533 1631 1591 pulchra,
1675 1534 1787 1584 imo,
1834 1533 1917 1578 olla
1949 1532 2124 1590 pulchra
2158 1534 2308 1577 eodem
2339 1534 2432 1592 jure
2465 1533 2548 1578 dici
2580 1541 2761 1592 possunt

313 1613 529 1673 pulchra?
578 1641 639 1648 —
687 1613 784 1666 Qua
828 1614 1158 1672 interrogatione
1201 1613 1435 1672 sophistam
1483 1612 1637 1657 docere
1685 1614 1799 1665 vult,
1850 1628 1896 1657 se
1945 1628 2031 1657 non
2078 1628 2282 1671 quaerere
2328 1615 2378 1657 de
2423 1614 2502 1659 hac
2544 1615 2667 1658 illave
2711 1629 2760 1658 re

317 1693 525 1754 pulchra,
574 1693 649 1738 sed
694 1694 745 1738 de
789 1694 900 1738 notis
944 1693 1246 1739 universalibus
1281 1694 1459 1753 pulchri.
1521 1694 1617 1739 Jam
1650 1692 1712 1754 (3)
1745 1693 1923 1752 Hippias
1958 1693 2149 1752 cogitans
2183 1694 2235 1738 de
2270 1694 2478 1753 ejusmodi
2509 1702 2638 1746 nota,
2687 1710 2759 1739 re-

321 1773 529 1834 spondet,
577 1789 669 1819 eam
702 1774 782 1818 sibi
814 1774 947 1819 videri
977 1775 1018 1818 in
1034 1783 1156 1819 ‘auro
1193 1774 1422 1825 contineri;
1465 1773 1549 1818 hoc
1580 1773 1692 1818 enim
1725 1788 1874 1818 omnes
1909 1788 1977 1818 res
2011 1774 2180 1826 ornari,
2214 1788 2371 1834 easque
2390 1808 2402 1826 ,
2436 1774 2590 1834 quibus
2623 1775 2760 1827 adsit,

318 1854 484 1915 pulchri
516 1855 699 1913 speciem
730 1853 920 1913 accipere
953 1853 1030 1915 (4).
1104 1855 1201 1907 Quo
1234 1868 1441 1914 responso
1473 1855 1572 1899 satis
1606 1853 1757 1913 puerili
1790 1853 1909 1898 Plato
1926 1888 1937 1905 ‚
1982 1868 2049 1898 me
2076 1853 2242 1914 judice,
2288 1854 2345 1898 nil
2378 1854 2491 1899 aliud
2524 1855 2759 1913 significare

319 1935 479 1987 voluit,
527 1935 608 1979 nisi
639 1934 744 1985 hoc,
792 1941 936 1980 notam
968 1934 1131 1992 pulchri
1161 1950 1246 1980 non
1280 1934 1564 1994 quaerendam
1598 1949 1692 1978 esse
1725 1933 1770 1978 in
1801 1934 1880 1979 hac
1912 1934 2035 1978 illave
2067 1933 2267 1983 materia;
2311 1949 2409 1978 nam
2443 1949 2545 1978 mox
2577 1933 2764 1979 ostendit

322 2016 532 2067 eburnea,
575 2016 764 2073 lapidea,
796 2017 899 2067 alia,
932 2032 1066 2074 aeque
1097 2015 1259 2074 pulchri
1290 2031 1445 2060 nomen
1479 2014 1658 2066 mereri,
1695 2014 1904 2073 siquidem
1937 2014 1989 2058 iis
2023 2014 2173 2066 rebus,
2207 2015 2250 2058 in
2282 2013 2436 2074 quibus
2469 2015 2762 2074 reperiantur,

323 2094 554 2154 prudenter
597 2094 785 2153 sciteque
832 2096 1149 2140 accommodata
1196 2095 1292 2140 sint.
1371 2095 1503 2154 Igitur
1546 2093 1741 2151 sophista
1784 2094 1908 2139 aliam
1953 2095 2160 2139 rationem
2207 2094 2306 2146 init,
2346 2102 2387 2138 et
2418 2096 2542 2153 plane
2575 2110 2600 2140 a
2632 2109 2764 2154 scopo

328 2176 549 2228 aberrans,
580 2175 804 2235 pulchrum
834 2176 877 2220 in
911 2191 962 2220 eo
995 2176 1176 2234 positum
1211 2175 1437 2220 arbitratur
1470 2174 1552 2234 (5),
1596 2182 1644 2218 ut
1675 2175 1770 2235 quis
1803 2176 1967 2219 fruatur
2000 2189 2206 2233 prospera
2237 2175 2494 2227 valetudine,
2528 2175 2680 2234 opibus
2716 2191 2765 2220 ac

324 2256 719 2309 divitiisabundet,
752 2258 948 2302 omnibus
981 2257 1182 2301 afficiatur
1213 2256 1466 2307 honoribus,
1500 2256 1746 2314 parentibus
1780 2256 2018 2300 honorifice
2051 2256 2226 2314 sepultis
2258 2257 2349 2313 ipse
2383 2257 2434 2300 ad
2466 2256 2632 2301 beatam
2665 2273 2765 2315 per—

373 2442 427 2489 (1)
451 2441 501 2479 Hi
553 2468 562 2478 .
586 2442 666 2478 ma‘.
718 2470 726 2479 .
753 2440 834 2479 287.
859 2441 899 2478 E.

370 2509 423 2555 (2)
446 2453 654 2545 Νερξιωεῃ]
666 2454 845 2557 εξρίιίεὲαθ
869 2506 981 2544 incliti
1005 2505 1173 2543 sententia
1197 2505 1301 2541 nimis
1325 2504 1457 2540 insulsa
1477 2503 1652 2547 videatur,
1678 2503 1747 2539 huc
1776 2503 1973 2539 adscribam
2007 2503 2277 2548 enuntiationes,
2303 2504 2423 2552 quales
2441 2504 2533 2540 inter
2549 2505 2757 2541 recentiores

329 2572 623 2622 deprehendimus
655 2573 751 2624 apud
775 2573 996 2612 Platnerum:
1047 2571 1118 2610 Das
1142 2570 1242 2609 Weib
1266 2571 1311 2608 ist
1335 2570 1397 2608 der
1421 2568 1655 2619 Mittelpunkt
1680 2568 1745 2606 der
1770 2568 1970 2607 Schonheit.
2022 2569 2096 2606 Wir
2120 2581 2258 2607 nennen
2285 2570 2391 2607 sehon
2417 2570 2530 2615 Alles,
2565 2582 2635 2608 was
2660 2571 2759 2609 mehr

327 2639 415 2679 oder
446 2640 600 2692 weniger
632 2640 881 2679 Aehnlichkeit
910 2640 976 2678 mit
999 2638 1081 2678 dem
1105 2638 1189 2677 Reiz
1213 2637 1274 2676 des
1300 2634 1634 2675 Geschlechtstriebs
1659 2635 1728 2672 hat.
1756 2654 1805 2663 -
1829 2635 1944 2674 Schon
1971 2635 2017 2672 ist
2042 2635 2098 2672 die
2124 2635 2364 2680 Wellenlinie,
2398 2636 2477 2673 weil
2502 2637 2552 2672 sie
2578 2648 2635 2673 am
2659 2638 2764 2675 weib-

327 2706 443 2745 lichen
466 2706 604 2758 Korper
628 2707 703 2746 sich
727 2707 844 2745 findet.
869 2727 917 2735 —
941 2706 1016 2744 Wir
1040 2705 1157 2743 finden
1181 2705 1424 2753 Bewegungen
1449 2703 1582 2746 Schon,
1605 2701 1664 2737 die
1688 2701 1762 2737 sich
1787 2713 1843 2737 am
1870 2701 1991 2736 Weibe
2016 2702 2144 2737 finden.
2192 2702 2298 2736 Ernst
2323 2701 2482 2737 Platner:
2517 2702 2763 2752 Vorlesungen

332 2773 421 2811 fiber
455 2774 649 2812 Aesthetik.
698 2775 740 2812 In
776 2778 893 2811 treuer
925 2774 1136 2821 Auffassung
1171 2771 1258 2808 nach
1289 2770 1389 2807 Geist
1413 2770 1486 2805 und
1514 2769 1612 2804 Wort
1636 2769 1765 2804 wieder
1791 2769 1948 2816 gegeben
1976 2780 2044 2803 von
2072 2768 2195 2803 dessen
2222 2768 2434 2803 dankbarem
2459 2768 2606 2805 Schiiler
2629 2770 2683 2806 W.
2708 2770 2760 2806 Μ.

334 2838 527 2875 Erdmann.
575 2838 690 2876 Zittau
713 2839 786 2876 und
810 2839 962 2888 Leipzig.
990 2840 1092 2874 1836.

377 2906 431 2951 (s)
455 2905 509 2941 1b.
532 2918 568 2954 p.
594 2909 674 2942 289.
700 2907 745 2942 1).

379 2972 432 3017 (4)
455 2971 588 3008 Audias
626 2973 946 3009 Zimmermannum
983 2972 1027 3007 de
1063 2969 1273 3019 philosopho
1309 2967 1513 3005 Britannico
1542 2965 1674 3002 Homio
1712 2965 1762 3001 ita
1798 2965 2037 3013 disputantem
2088 2993 2106 3008 „
2127 2964 2195 3000 Die
2219 2964 2409 3001 Schonheit
2432 2964 2495 3002 der
2519 2965 2632 3003 Farbe
2655 2966 2703 3003 ist
2727 2979 2772 3004 zu

334 3035 506 3081 bekannt,
542 3036 594 3074 als
619 3037 699 3075 dass
723 3039 775 3076 sie
799 3038 986 3086 Erklaring
1010 3036 1177 3074 bediirftc.
1225 3035 1333 3083 Triigt
1357 3033 1453 3070 nicht
1477 3032 1535 3069 die
1560 3030 1752 3079 gliinzende
1777 3031 1851 3067 und
1877 3031 2031 3067 lebhafte
2055 3029 2171 3066 Farbe
2196 3029 2259 3066 des
2287 3029 2419 3067 Goldes
2444 3030 2519 3067 und
2543 3031 2674 3069 Silbers
2700 3032 2771 3070 viel

335 3114 379 3138 zu
403 3101 485 3138 dem
509 3102 627 3140 hohen
651 3104 795 3142 werthe
819 3104 894 3149 bei,
918 3104 987 3142 den
1015 3116 1097 3140 man
1121 3103 1240 3139 diesen
1265 3101 1434 3138 Metallen
1459 3098 1575 3147 giebt?
1625 3096 1698 3134 Der
1721 3096 1922 3133 Kaufmann
1948 3095 2087 3133 verrath
2112 3095 2186 3133 sich
2211 3096 2300 3133 auch
2326 3096 2419 3140 hier;
2446 3096 2508 3134 der
2532 3096 2623 3134 hohe
2649 3097 2772 3136 Werth

336 3167 399 3205 des
423 3166 556 3212 Golden
579 3168 656 3207 und
678 3170 811 3208 Silbers
836 3183 932 3208 muss
956 3170 1067 3207 selbst
1090 3169 1127 3206 in
1151 3168 1208 3205 die
1232 3166 1414 3205 Aoethetik
1438 3165 1638 3213 eingreifen.
1663 3183 1713 3192 ·-
1737 3162 1861 3200 Gesch.
1888 3162 1951 3198 der
1976 3161 2097 3199 Aesth.
2120 3173 2155 3209 p.
2182 3162 2262 3198 233.

384 3235 437 3282 (ὅ)
461 3232 516 3272 Ib.
540 3247 575 3284 p.
603 3237 683 3274 2⁹1.
709 3236 753 3275 D.
