3014 3706
1498 235 1571 286 20

292 388 339 427 et
379 382 500 441 majas
538 380 709 430 infimus
751 379 966 426 efficaciae
995 379 1153 439 gradus
1184 387 1250 425 est
1282 394 1395 439 quae
1427 380 1560 440 vulgo
1588 379 1744 426 dicitur
1777 379 1840 424 vis
1872 379 2038 432 vitalis,
2069 379 2375 429 inertibdeee
2406 382 2632 434 maine.
2664 393 2759 444 ope

288 460 498 522 temporis
530 475 579 506 ac
612 459 761 519 spatii,
792 474 888 506 eam
915 460 1112 506 idearum
1143 457 1330 519 speciem
1361 460 1574 520 impertit,
1616 460 1686 506 cui
1715 461 1811 520 ipsa
1842 466 1942 520 apta
1982 459 2037 507 sit
2066 465 2112 507 et
2141 467 2352 521 manua
2379 460 2581 512 viminu
2599 463 2759 510 sun-i
2813 454 2815 457 ’

289 539 490 601 principii
519 540 565 585 in
586 554 634 585 se
653 538 864 586 admittat.
913 542 991 585 Ast
1011 541 1183 585 tandem
1203 547 1246 585 et
1266 539 1379 585 bunc
1399 540 1596 586 ultimum
1618 541 1811 588 idearum
1833 541 2105 601 splendorem
2124 531 2343 601 excipiunt
2363 542 2755 595 merae-mebrae,

287 636 400 682 pura
430 620 630 672 materia,
662 634 775 680 quae
805 619 909 665 nibil
944 626 1011 665 est
1040 620 1226 682 ideoque
1259 636 1336 665 nec
1369 621 1563 667 sensibus
1595 636 1675 666 nec
1707 620 1937 682 cogitando
1968 620 2134 682 percipi
2164 628 2322 682 potest.
2368 642 2383 653 »-

353 703 467 747 Haec
511 707 578 745 est
617 701 691 746 lex
735 707 778 744 et
821 714 973 744 norma
1013 700 1201 745 universi
1247 701 1345 745 inde
1377 715 1403 746 a
1438 701 1521 745 deo
1556 714 1692 759 usque
1723 701 1779 746 ad
1809 702 1987 747 inertem
2020 708 2063 746 et
2092 701 2265 747 inanem
2295 701 2540 752 materiam.
2583 701 2628 746 ia
2659 714 2753 761 quo

288 788 430 825 tamen
469 779 726 839 singularem
770 779 912 824 locum
951 786 1134 838 occupat
1173 779 1320 824 homo.
1399 779 1543 832 Quum
1587 779 1699 824 enim
1737 780 1806 824 bic
1845 794 2029 839 corpore
2060 794 2166 831 suo,
2208 794 2346 840 aeque
2377 795 2427 825 ac
2458 787 2626 827 caetera
2658 781 2755 827 ani-

288 861 473 911 mantia,
521 860 722 905 materiae
768 859 991 917 participet
1039 866 1082 903 et
1125 858 1169 903 in
1214 874 1267 904 eo
1314 874 1490 918 quoque
1532 861 1697 904 animus
1741 860 1818 910 sit,
1866 875 1955 919 quo
1998 860 2069 906 illa
2112 867 2360 922 moveatur,
2408 867 2550 907 tamen
2593 861 2638 906 id
2671 860 2754 906 sibi

289 940 511 999 proprium
545 938 695 989 habet,
732 946 779 983 ut
811 939 938 983 etiam
971 938 1025 983 ad
1060 938 1316 982 intellectum
1350 937 1462 998 (νοῦν)
1497 938 1752 989 adscendat‚
1795 939 1883 983 imo
1915 940 2096 985 fortasse
2120 939 2174 985 ad
2197 940 2323 985 deum
2346 940 2499 998 ipsum.
2557 940 2751 988 Vivimus

288 1022 433 1079 itaque
465 1021 508 1064 in
542 1019 742 1070 materia,
776 1020 852 1063 sed
887 1018 1063 1063 summis
1095 1018 1254 1077 ingenii
1287 1019 1421 1063 nostri
1453 1018 1721 1064 facultatibus
1756 1018 1886 1063 vitam
1919 1019 2048 1064 etiam
2068 1019 2396 1064 intellectualem
2421 1019 2563 1065 vivere
2589 1035 2755 1079 possu-

286 1115 396 1144 mus.
462 1101 693 1143 Brutorum
725 1114 829 1142 vero
854 1099 981 1142 vitam
1002 1097 1062 1141 illi
1086 1099 1259 1142 coelesti
1281 1100 1567 1156 praeferentes
1590 1114 1693 1142 mox
1715 1113 1801 1141 non
1825 1099 2005 1156 amplius
2036 1100 2216 1144 altarum
2236 1099 2388 1144 barum
2413 1099 2568 1151 virium
2591 1103 2754 1146 conscii
2824 1124 2828 1128 ·

287 1195 448 1223 sumus.
513 1181 632 1223 Tunc
663 1182 742 1224 νοῦς
776 1186 946 1229 noster,
977 1179 1135 1237 quippe
1169 1185 1315 1223 nostra
1346 1179 1539 1236 ipsorum
1573 1179 1696 1236 culpa
1719 1178 1921 1236 depulsus
1951 1185 1994 1222 et
2017 1179 2070 1223 ab
2092 1179 2291 1224 omnibus
2312 1180 2441 1225 animi
2462 1181 2752 1227 functionibus

286 1267 482 1310 amotus,
517 1274 591 1317 per
623 1274 669 1303 se
704 1258 831 1303 vitam
866 1259 1034 1302 beatam
1066 1259 1154 1317 agit
1187 1259 1231 1303 in
1265 1273 1317 1302 eo
1341 1258 1499 1302 mundo
1522 1258 1737 1308 idearum,
1771 1258 1889 1317 cujus
1910 1257 2003 1316 ipse
2025 1273 2151 1316 pars,
2184 1274 2295 1319 quae
2318 1260 2492 1318 propria
2513 1261 2604 1320 ejus
2627 1261 2752 1306 sedes

287 1346 372 1390 est,
404 1338 550 1397 ibique
585 1339 674 1383 vice
706 1337 896 1397 fungitur
927 1337 1040 1396 genii
1074 1338 1264 1383 tutelaris
1299 1338 1388 1398 ejus
1424 1337 1553 1382 animi
1588 1354 1637 1382 ac
1669 1337 1888 1396 eorporis,
1923 1338 2110 1396 optimae
2144 1339 2211 1384 sui
2232 1338 2365 1398 partis
2386 1339 2448 1385 ita
2470 1339 2595 1399 plane
2616 1340 2753 1386 obliti.

347 1422 424 1464 Est
456 1419 559 1462 haec
591 1433 724 1477 porro
757 1418 871 1476 apud
906 1418 1241 1476 Neoplatonicos
1274 1423 1473 1461 constans
1507 1418 1601 1467 lex,
1637 1425 1683 1461 ut
1717 1418 1830 1462 nulla
1863 1432 1930 1462 res
1963 1419 2136 1477 agnosci
2163 1419 2323 1478 possit,
2357 1419 2438 1463 nisi
2471 1434 2496 1464 a
2531 1426 2681 1465 natura
2713 1421 2753 1465 ei

286 1499 425 1544 simili.
490 1499 559 1542 Sic
591 1501 670 1543 νοῦς
704 1499 834 1542 modo
867 1498 1098 1542 intellectui
1131 1491 1237 1556 ipsi,
1270 1498 1431 1543 animus
1465 1497 1633 1549 animo,
1666 1499 1754 1542 imo
1788 1499 1892 1543 deus
1926 1498 2007 1542 deo
2041 1498 2123 1557 ipsi
2153 1505 2280 1543 notus
2305 1506 2381 1543 est.
2447 1499 2604 1545 Omnia
2621 1500 2753 1559 igitur

286 1579 516 1624 animantia
561 1579 752 1622 sensibus
796 1578 1037 1636 percipiunt
1080 1586 1275 1623 naturam
1320 1578 1545 1622 animatam
1590 1578 1679 1622 sive
1712 1577 1932 1623 materiam
1965 1578 2108 1624 animo
2142 1586 2325 1631 motam,
2373 1580 2530 1640 quippe
2564 1594 2675 1639 quae
2707 1586 2750 1626 et

284 1659 380 1718 ipsa
412 1660 554 1704 auimo
589 1665 630 1703 et
663 1674 846 1715 corpore
882 1664 1091 1703 constent.
1156 1660 1211 1703 At
1242 1658 1373 1702 homo
1408 1657 1516 1702 hanc
1549 1658 1762 1716 egregiam
1797 1658 2040 1702 facultatem
2072 1658 2224 1709 habet,
2262 1666 2309 1703 ut
2340 1666 2507 1717 praeter
2539 1659 2744 1706 mundum

285 1739 615 1798 adspectabilem
650 1739 776 1783 etiam
813 1739 867 1783 ad
895 1738 1165 1782 intuitionem
1199 1739 1386 1782 idearum
1422 1738 1681 1782 adscendere
1716 1738 1877 1796 possit,
1916 1753 2047 1797 quum
2083 1746 2124 1782 et
2158 1739 2251 1797 ipse
2283 1739 2517 1784 intellectus
2548 1755 2647 1799 pars
2681 1740 2751 1785 sit.

284 1822 341 1864 At
374 1834 632 1879 quamquam
665 1821 805 1864 facere
837 1819 960 1869 lieet,
1005 1826 1146 1862 tamen
1180 1819 1299 1862 labor
1333 1818 1607 1875 gravissimus
1642 1825 1728 1868 est,
1763 1818 1823 1861 ita
1856 1818 1984 1861 vitam
2019 1825 2263 1862 terrestrem
2296 1818 2556 1878 relinquere,
2601 1827 2675 1864 aut
2706 1819 2747 1863 ei

286 1900 434 1944 saltem
465 1899 525 1944 ita
557 1899 742 1944 minores
771 1906 914 1957 partes
949 1899 1162 1948 tribuere,
1196 1905 1243 1941 ut
1275 1899 1351 1943 νοῦς
1388 1897 1487 1941 satis
1521 1897 1723 1940 liberetur
1756 1897 1809 1941 ad
1844 1897 2044 1941 virtutem
2077 1911 2197 1942 suam
2230 1898 2523 1943 exercendam.
2587 1900 2747 1958 Estque

284 1980 367 2025 hoc
401 1980 723 2025 celeberrimum
763 1978 1173 2037 Neoplatonicorum
1209 1978 1407 2036 placitum
1443 1977 1494 2020 de
1522 1975 1763 2028 ἀνωστρόφῃ,
1798 1977 1883 2036 jam
1907 1992 1932 2021 a
1954 1977 2133 2022 Platone
2153 1978 2421 2036 propositum
2441 1979 2484 2023 in
2506 1978 2660 2039 mythis
2683 1978 2736 2023 de

287 2062 493 2106 adscensu
529 2062 768 2106 animorum
803 2060 846 2104 in
882 2060 1052 2104 eoelum
1074 2059 1279 2104 comitatu
1303 2059 1478 2102 deorum
1504 2064 1546 2101 et
1567 2058 1619 2101 de
1643 2059 1832 2115 sapiente
1854 2058 2136 2103 descendente
2158 2059 2213 2103 ad
2235 2059 2399 2104 vinctos
2422 2059 2465 2103 in
2489 2060 2750 2118 speluncam.

345 2144 440 2186 Jam
473 2143 695 2186 redeamus
728 2142 779 2185 ad
816 2139 1114 2199 quaestionem
1147 2139 1199 2182 de
1234 2138 1436 2195 pulchro,
1471 2154 1598 2197 quam
1633 2139 1820 2182 Platonis
1856 2139 1908 2182 de
1942 2154 1994 2182 eo
2029 2140 2235 2184 sententia
2258 2147 2451 2184 enarrata
2471 2140 2744 2200 reliquimus:

286 2230 327 2265 et
359 2222 502 2280 primo
535 2223 633 2265 loco
667 2222 915 2270 videamus,
951 2220 1122 2264 ubinam
1158 2219 1378 2277 pulchrum
1413 2220 1456 2262 in
1489 2218 1618 2262 variis
1652 2219 1992 2263 emanationibus
2026 2220 2169 2263 lateat.

351 2303 408 2345 Et
441 2301 542 2345 satis
576 2309 849 2359 perspectum
885 2301 965 2343 erit
998 2300 1223 2358 pulchrum
1257 2314 1341 2341 non
1377 2300 1668 2357 quaerendum
1704 2313 1794 2342 esse
1828 2299 1871 2341 in
1905 2300 1987 2342 deo
2023 2298 2145 2356 ipso,
2196 2300 2247 2342 de
2280 2314 2367 2359 quo
2400 2300 2538 2343 nullae
2570 2300 2746 2343 omnino

286 2383 510 2440 qualitates
560 2381 797 2439 praedicari
840 2380 1031 2437 possint,
1082 2394 1220 2438 neque
1252 2381 1294 2423 in
1328 2381 1464 2437 prima
1497 2378 1763 2424 emanatione
1796 2380 2035 2430 unitatum,
2082 2394 2192 2438 quae
2223 2393 2401 2436 prorsus
2434 2379 2516 2423 deo
2550 2380 2640 2424 sive
2671 2380 2746 2424 uni

284 2460 366 2519 ipsi
402 2462 558 2505 similes
591 2461 675 2504 sint
708 2468 749 2504 et
785 2475 894 2519 quae
929 2457 1052 2502 unice
1083 2459 1181 2503 huic
1215 2460 1274 2503 rei
1306 2459 1558 2508 inserviant,
1593 2465 1638 2501 ut
1672 2459 1774 2502 deus
1809 2459 2033 2502 essentiam
2070 2473 2189 2502 suam
2212 2459 2438 2509 diffundat,
2470 2465 2518 2501 ut
2539 2453 2744 2517 seipsum

284 2542 407 2601 quasi
441 2542 714 2599 multiplicem
747 2540 886 2583 saciat.
953 2541 1000 2581 In
1037 2539 1223 2581 secundo
1261 2554 1363 2581 vero
1398 2539 1596 2589 effluvio,
1630 2538 1673 2581 in
1707 2538 1839 2588 ideis,
1875 2545 1961 2589 est,
1994 2545 2042 2582 ut
2075 2538 2265 2582 omnium
2300 2538 2551 2597 qualitatum
2585 2544 2626 2582 et
2656 2539 2749 2581 for-

283 2637 474 2671 marum,
524 2622 581 2666 ita
625 2635 800 2679 quoque
846 2619 1014 2677 pulchri
1062 2619 1194 2675 ipsius
1242 2633 1342 2662 vera
1387 2619 1522 2662 sedes.
1591 2622 1643 2663 Et
1675 2619 1771 2662 licet
1805 2618 2088 2676 philosophus
2121 2634 2208 2663 non
2246 2627 2371 2677 neget
2407 2619 2590 2663 hominis
2623 2619 2750 2663 intel-

283 2703 438 2746 lectum
472 2702 588 2746 ideas
621 2716 796 2761 quoque
828 2700 1077 2758 possidere,
1112 2699 1272 2757 quippe
1305 2700 1377 2758 qui
1411 2707 1451 2742 et
1485 2700 1574 2758 ipse
1605 2700 1789 2743 universi
1814 2700 2050 2744 intellectus
2072 2714 2171 2759 pars
2195 2701 2274 2753 sit,
2306 2706 2471 2752 tamen,
2505 2701 2605 2759 quia
2625 2700 2748 2744 ideae

285 2783 415 2826 modo
460 2797 536 2840 per
582 2782 850 2825 intuitionem
900 2779 1188 2824 immediatam
1238 2779 1400 2837 percipi
1450 2789 1652 2836 possunt,
1701 2780 1871 2824 minime
1916 2795 2020 2823 vero
2054 2779 2198 2824 sinunt
2236 2787 2284 2824 ut
2315 2795 2392 2824 sua
2424 2787 2575 2824 natura
2608 2779 2748 2824 verbis

284 2862 549 2906 describatur
582 2861 694 2919 (nam
729 2875 877 2904 omnes
911 2861 1110 2904 notiones
1144 2860 1357 2917 pertinent
1389 2860 1441 2903 ad
1474 2861 1715 2904 inferiorem
1751 2860 1936 2904 hominis
1969 2861 2235 2911 facultatem,
2268 2873 2420 2918 nempe
2453 2859 2505 2903 ad
2538 2861 2748 2910 animum,

282 2942 356 3002 qui
406 2941 491 2987 τοὺς
533 2941 665 2990 λόγους
708 2942 895 2984 eontinet
929 2948 972 2984 et
1007 2955 1085 2999 per
1119 2954 1194 2983 eos
1230 2954 1377 2983 verum
1410 2941 1598 2985 invenire
1632 2941 1826 3000 conatur)
1860 2955 1946 2984 non
1980 2941 2115 2985 multo
2148 2939 2318 2999 longius
2350 2939 2567 2998 progressi
2599 2953 2747 2984 sumus

284 3036 412 3080 quam
447 3035 536 3081 quo
570 3022 683 3079 apud
706 3022 924 3065 Platonem
949 3035 1299 3078 perveneramus·
1366 3022 1452 3064 Nec
1475 3022 1532 3065 ita
1556 3036 1709 3079 magno
1734 3022 1856 3065 lucro
1880 3022 2182 3079 apponendum
2208 3020 2313 3070 erit,
2348 3019 2489 3077 quod,
2522 3033 2655 3077 quum
2675 3017 2749 3063 hio

280 3102 398 3147 ideas
447 3109 570 3148 extra
619 3101 831 3146 bominem
878 3101 1120 3161 posuisset,
1170 3101 1361 3145 Plotinus
1413 3101 1670 3146 intellectum
1718 3108 1912 3146 nostrum
1962 3100 2073 3145 illius
2120 3099 2370 3145 universalis
2408 3105 2571 3158 partem
2601 3096 2750 3143 fecerit

283 3189 411 3242 atque
444 3183 543 3228 ideo
576 3182 694 3227 ideas
726 3183 768 3226 in
803 3182 1016 3227 nobismet
1046 3182 1151 3240 ipsis
1185 3182 1478 3232 collocaverim
1511 3197 1589 3226 nec
1622 3182 1928 3246 contemplatio
1961 3181 2031 3227 illa
2065 3181 2156 3234 sui,
2190 3194 2276 3239 qua
2308 3179 2475 3238 sapiens
2506 3180 2550 3224 in
2584 3193 2630 3224 se
2650 3179 2749 3239 ipso

282 3277 432 3307 verum
481 3263 669 3308 inveniat
715 3263 758 3306 in
808 3262 1069 3308 nobilissima
1121 3260 1249 3307 animi
1299 3263 1419 3321 parte
1460 3262 1591 3307 latens
1635 3276 1716 3306 nos
1748 3261 1859 3307 ultra
1902 3262 2131 3320 promovet
2163 3274 2216 3305 ac
2252 3258 2385 3321 mythi
2416 3259 2477 3308 illi
2511 3257 2748 3311 Platonici,
