<?xml version="1.0" encoding="UTF-8"?>
<!DOCTYPE html PUBLIC "-//W3C//DTD XHTML 1.0 Transitional//EN"
    "http://www.w3.org/TR/xhtml1/DTD/xhtml1-transitional.dtd">
<html xmlns="http://www.w3.org/1999/xhtml" xml:lang="en" lang="en">
 <head>
  <title>
</title>
<meta http-equiv="Content-Type" content="text/html;charset=utf-8" />
  <meta name='ocr-system' content='tesseract 3.04.00' />
  <meta name='ocr-capabilities' content='ocr_page ocr_carea ocr_par ocr_line ocrx_word'/>
</head>
<body>
  <div class='ocr_page' id='page_1' title='image "4777705_0031.png"; bbox 0 0 3014 3706; ppageno 0'>
   <div class='ocr_carea' id='block_1_1' title="bbox 0 0 301 109">
    <p class='ocr_par' dir='ltr' id='par_1_1' title="bbox 0 0 301 109">
     <span class='ocr_line' id='line_1_1' title="bbox 0 0 301 109; baseline 0 3597"><span class='ocrx_word' id='word_1_1' title='bbox 0 0 301 109; x_wconf 95' lang='lat' dir='ltr'><strong> </strong></span> 
     </span>
    </p>
   </div>
   <div class='ocr_carea' id='block_1_2' title="bbox 268 395 2781 3335">
    <p class='ocr_par' dir='ltr' id='par_1_2' title="bbox 291 395 2776 539">
     <span class='ocr_line' id='line_1_2' title="bbox 291 395 2776 458; baseline 0 -14"><span class='ocrx_word' id='word_1_2' title='bbox 291 396 1049 458; x_wconf 61' lang='grc' dir='ltr'><strong>φοι-ιιιιιὶιιοηωνωδοηιιι</strong></span> <span class='ocrx_word' id='word_1_3' title='bbox 1094 395 1175 444; x_wconf 81' lang='lat' dir='ltr'><strong>hic-</strong></span> <span class='ocrx_word' id='word_1_4' title='bbox 1213 403 1281 443; x_wconf 69' lang='lat' dir='ltr'><strong>ut</strong></span> <span class='ocrx_word' id='word_1_5' title='bbox 1324 409 1501 442; x_wconf 66' lang='lat' dir='ltr'><strong>senus:</strong></span> <span class='ocrx_word' id='word_1_6' title='bbox 1570 396 2032 456; x_wconf 59' lang='lat' dir='ltr'><strong>Quaqua-odim.</strong></span> <span class='ocrx_word' id='word_1_7' title='bbox 2046 400 2423 457; x_wconf 56' lang='lat' dir='ltr'><strong>mmm</strong></span> <span class='ocrx_word' id='word_1_8' title='bbox 2464 397 2776 458; x_wconf 47' lang='lat' dir='ltr'><strong>iduum,</strong></span> 
     </span>
     <span class='ocr_line' id='line_1_3' title="bbox 291 480 720 539; baseline -0.002 -14"><span class='ocrx_word' id='word_1_9' title='bbox 291 492 383 525; x_wconf 74' lang='grc' dir='ltr'><strong>ιιοιι</strong></span> <span class='ocrx_word' id='word_1_10' title='bbox 408 480 617 539; x_wconf 61' lang='lat' dir='ltr'><strong>preceps</strong></span> <span class='ocrx_word' id='word_1_11' title='bbox 649 487 720 524; x_wconf 70' lang='lat' dir='ltr'><strong>eu.</strong></span> 
     </span>
    </p>

    <p class='ocr_par' dir='ltr' id='par_1_3' title="bbox 292 516 2771 1258">
     <span class='ocr_line' id='line_1_4' title="bbox 354 516 2771 620; baseline -0 -16"><span class='ocrx_word' id='word_1_12' title='bbox 354 559 436 604; x_wconf 69' lang='lat' dir='ltr'><strong>unt</strong></span> <span class='ocrx_word' id='word_1_13' title='bbox 481 557 614 618; x_wconf 73' lang='lat' dir='ltr'><strong>igitur</strong></span> <span class='ocrx_word' id='word_1_14' title='bbox 659 556 819 605; x_wconf 72' lang='lat' dir='ltr'><strong>Plotini</strong></span> <span class='ocrx_word' id='word_1_15' title='bbox 867 557 1109 613; x_wconf 74' lang='lat' dir='ltr'><strong>sententia,</strong></span> <span class='ocrx_word' id='word_1_16' title='bbox 1161 557 1454 618; x_wconf 80' lang='lat' dir='ltr'><strong>praesentiam</strong></span> <span class='ocrx_word' id='word_1_17' title='bbox 1491 556 1685 604; x_wconf 78' lang='lat' dir='ltr'><strong>idearum</strong></span> <span class='ocrx_word' id='word_1_18' title='bbox 1736 557 1781 604; x_wconf 88' lang='lat' dir='ltr'><strong>in</strong></span> <span class='ocrx_word' id='word_1_19' title='bbox 1824 557 1954 607; x_wconf 73' lang='lat' dir='ltr'><strong>rebus</strong></span> <span class='ocrx_word' id='word_1_20' title='bbox 2003 555 2238 620; x_wconf 65' lang='lat' dir='ltr'><strong>corporeis</strong></span> <span class='ocrx_word' id='word_1_21' title='bbox 2254 554 2434 609; x_wconf 52' lang='lat' dir='ltr'><strong>niun</strong></span> <span class='ocrx_word' id='word_1_22' title='bbox 2465 555 2647 611; x_wconf 68' lang='lat' dir='ltr'><strong>ion-is,</strong></span> <span class='ocrx_word' id='word_1_23' title='bbox 2669 516 2771 603; x_wconf 64' lang='lat' dir='ltr'><strong>seu</strong></span> 
     </span>
     <span class='ocr_line' id='line_1_5' title="bbox 294 634 2768 700; baseline 0.002 -15"><span class='ocrx_word' id='word_1_24' title='bbox 294 641 467 700; x_wconf 81' lang='lat' dir='ltr'><strong>potius,</strong></span> <span class='ocrx_word' id='word_1_25' title='bbox 502 637 666 699; x_wconf 75' lang='lat' dir='ltr'><strong>quod</strong></span> <span class='ocrx_word' id='word_1_26' title='bbox 651 653 695 685; x_wconf 78' lang='lat' dir='ltr'><strong>in</strong></span> <span class='ocrx_word' id='word_1_27' title='bbox 726 638 891 685; x_wconf 78' lang='lat' dir='ltr'><strong>munde</strong></span> <span class='ocrx_word' id='word_1_28' title='bbox 925 638 1204 685; x_wconf 71' lang='lat' dir='ltr'><strong>intellecmali</strong></span> <span class='ocrx_word' id='word_1_29' title='bbox 1238 639 1355 685; x_wconf 81' lang='lat' dir='ltr'><strong>ideas</strong></span> <span class='ocrx_word' id='word_1_30' title='bbox 1382 638 1492 691; x_wconf 80' lang='lat' dir='ltr'><strong>sint,</strong></span> <span class='ocrx_word' id='word_1_31' title='bbox 1522 638 1567 685; x_wconf 88' lang='lat' dir='ltr'><strong>id</strong></span> <span class='ocrx_word' id='word_1_32' title='bbox 1594 636 2442 699; x_wconf 58' lang='lat' dir='ltr'><strong>inmmdodspfflmum.</strong></span> <span class='ocrx_word' id='word_1_33' title='bbox 2474 634 2768 697; x_wconf 54' lang='lat' dir='ltr'><strong>‹1⁶0⁴me</strong></span> 
     </span>
     <span class='ocr_line' id='line_1_6' title="bbox 292 715 2764 781; baseline -0.002 -16"><span class='ocrx_word' id='word_1_34' title='bbox 292 753 324 780; x_wconf 91' lang='lat'>„</span> <span class='ocrx_word' id='word_1_35' title='bbox 345 718 453 779; x_wconf 84' lang='lat' dir='ltr'><strong>(cap.</strong></span> <span class='ocrx_word' id='word_1_36' title='bbox 483 720 513 766; x_wconf 89' lang='grc'><strong>3</strong></span> <span class='ocrx_word' id='word_1_37' title='bbox 543 719 656 781; x_wconf 81' lang='lat' dir='ltr'><strong>init.)</strong></span> <span class='ocrx_word' id='word_1_38' title='bbox 689 719 786 765; x_wconf 85' lang='lat' dir='ltr'><strong>luce</strong></span> <span class='ocrx_word' id='word_1_39' title='bbox 819 719 974 766; x_wconf 81' lang='lat' dir='ltr'><strong>clarius</strong></span> <span class='ocrx_word' id='word_1_40' title='bbox 1005 720 1065 765; x_wconf 87' lang='lat' dir='ltr'><strong>ita</strong></span> <span class='ocrx_word' id='word_1_41' title='bbox 1100 720 1301 779; x_wconf 85' lang='lat' dir='ltr'><strong>exponit,</strong></span> <span class='ocrx_word' id='word_1_42' title='bbox 1334 733 1518 779; x_wconf 79' lang='lat' dir='ltr'><strong>rogans:</strong></span> <span class='ocrx_word' id='word_1_43' title='bbox 1583 751 1613 777; x_wconf 89' lang='lat'>„</span> <span class='ocrx_word' id='word_1_44' title='bbox 1632 720 1835 773; x_wconf 81' lang='lat' dir='ltr'><strong>Quonam</strong></span> <span class='ocrx_word' id='word_1_45' title='bbox 1864 726 1994 779; x_wconf 72' lang='lat' dir='ltr'><strong>pacto</strong></span> <span class='ocrx_word' id='word_1_46' title='bbox 2018 719 2200 780; x_wconf 77' lang='lat' dir='ltr'><strong>quodin</strong></span> <span class='ocrx_word' id='word_1_47' title='bbox 2220 724 2523 778; x_wconf 52' lang='lat' dir='ltr'><strong>conportent„</strong></span> <span class='ocrx_word' id='word_1_48' title='bbox 2545 715 2764 781; x_wconf 44' lang='lat' dir='ltr'><strong>‚OQM</strong></span> 
     </span>
     <span class='ocr_line' id='line_1_7' title="bbox 295 795 2767 859; baseline -0.002 -15"><span class='ocrx_word' id='word_1_49' title='bbox 295 831 325 858; x_wconf 86' lang='lat'>„</span> <span class='ocrx_word' id='word_1_50' title='bbox 346 813 478 859; x_wconf 81' lang='lat' dir='ltr'><strong>super</strong></span> <span class='ocrx_word' id='word_1_51' title='bbox 536 813 694 859; x_wconf 86' lang='lat' dir='ltr'><strong>corpus</strong></span> <span class='ocrx_word' id='word_1_52' title='bbox 755 806 821 845; x_wconf 87' lang='lat' dir='ltr'><strong>est</strong></span> <span class='ocrx_word' id='word_1_53' title='bbox 879 798 946 859; x_wconf 73' lang='grc' dir='ltr'><strong>(τῷ</strong></span> <span class='ocrx_word' id='word_1_54' title='bbox 986 802 1054 855; x_wconf 77' lang='grc' dir='ltr'><strong>πρὸ</strong></span> <span class='ocrx_word' id='word_1_55' title='bbox 1092 805 1159 843; x_wconf 77' lang='grc' dir='ltr'><strong>τοῦ</strong></span> <span class='ocrx_word' id='word_1_56' title='bbox 1196 801 1393 854; x_wconf 63' lang='grc' dir='ltr'><strong>σώματος,</strong></span> <span class='ocrx_word' id='word_1_57' title='bbox 1449 799 1477 842; x_wconf 91' lang='lat' dir='ltr'><strong>i.</strong></span> <span class='ocrx_word' id='word_1_58' title='bbox 1532 814 1570 842; x_wconf 85' lang='lat' dir='ltr'><strong>e.</strong></span> <span class='ocrx_word' id='word_1_59' title='bbox 1621 799 1759 859; x_wconf 82' lang='lat' dir='ltr'><strong>ideae)</strong></span> <span class='ocrx_word' id='word_1_60' title='bbox 1811 798 2047 859; x_wconf 72' lang='lat' dir='ltr'><strong>congruit?</strong></span> <span class='ocrx_word' id='word_1_61' title='bbox 2136 799 2192 842; x_wconf 83' lang='lat' dir='ltr'><strong>Et</strong></span> <span class='ocrx_word' id='word_1_62' title='bbox 2241 795 2485 859; x_wconf 79' lang='lat' dir='ltr'><strong>quomodo</strong></span> <span class='ocrx_word' id='word_1_63' title='bbox 2506 795 2767 854; x_wconf 69' lang='lat' dir='ltr'><strong>architectus</strong></span> 
     </span>
     <span class='ocr_line' id='line_1_8' title="bbox 294 875 2764 939; baseline -0.001 -15"><span class='ocrx_word' id='word_1_64' title='bbox 294 913 325 939; x_wconf 80' lang='lat'>„</span> <span class='ocrx_word' id='word_1_65' title='bbox 348 880 678 924; x_wconf 75' lang='lat' dir='ltr'><strong>accommodans</strong></span> <span class='ocrx_word' id='word_1_66' title='bbox 727 881 905 923; x_wconf 89' lang='lat' dir='ltr'><strong>domum</strong></span> <span class='ocrx_word' id='word_1_67' title='bbox 958 886 1177 923; x_wconf 80' lang='lat' dir='ltr'><strong>externam</strong></span> <span class='ocrx_word' id='word_1_68' title='bbox 1221 880 1276 922; x_wconf 88' lang='lat' dir='ltr'><strong>ad</strong></span> <span class='ocrx_word' id='word_1_69' title='bbox 1307 880 1447 923; x_wconf 88' lang='lat' dir='ltr'><strong>ideam</strong></span> <span class='ocrx_word' id='word_1_70' title='bbox 1483 880 1662 927; x_wconf 88' lang='lat' dir='ltr'><strong>domus,</strong></span> <span class='ocrx_word' id='word_1_71' title='bbox 1710 892 1840 937; x_wconf 81' lang='lat' dir='ltr'><strong>quam</strong></span> <span class='ocrx_word' id='word_1_72' title='bbox 1874 879 1919 923; x_wconf 88' lang='lat' dir='ltr'><strong>iu</strong></span> <span class='ocrx_word' id='word_1_73' title='bbox 1952 879 2095 925; x_wconf 83' lang='lat' dir='ltr'><strong>animo</strong></span> <span class='ocrx_word' id='word_1_74' title='bbox 2128 877 2280 929; x_wconf 78' lang='lat' dir='ltr'><strong>hahet,</strong></span> <span class='ocrx_word' id='word_1_75' title='bbox 2324 876 2491 935; x_wconf 77' lang='lat' dir='ltr'><strong>judicat</strong></span> <span class='ocrx_word' id='word_1_76' title='bbox 2520 875 2638 923; x_wconf 78' lang='lat' dir='ltr'><strong>illam</strong></span> <span class='ocrx_word' id='word_1_77' title='bbox 2669 890 2764 921; x_wconf 74' lang='lat' dir='ltr'><strong>esse</strong></span> 
     </span>
     <span class='ocr_line' id='line_1_9' title="bbox 294 953 2770 1018; baseline -0 -16"><span class='ocrx_word' id='word_1_78' title='bbox 294 994 324 1018; x_wconf 85' lang='lat'><strong>„</strong></span> <span class='ocrx_word' id='word_1_79' title='bbox 345 959 601 1017; x_wconf 68' lang='lat' dir='ltr'><strong>pulchram?</strong></span> <span class='ocrx_word' id='word_1_80' title='bbox 639 985 702 991; x_wconf 84' lang='lat'><strong>-—-</strong></span> <span class='ocrx_word' id='word_1_81' title='bbox 734 960 895 1003; x_wconf 70' lang='lat' dir='ltr'><strong>Forsan</strong></span> <span class='ocrx_word' id='word_1_82' title='bbox 932 959 1055 1017; x_wconf 76' lang='lat' dir='ltr'><strong>quia,</strong></span> <span class='ocrx_word' id='word_1_83' title='bbox 1086 958 1123 1000; x_wconf 77' lang='lat' dir='ltr'><strong>si</strong></span> <span class='ocrx_word' id='word_1_84' title='bbox 1154 958 1310 1015; x_wconf 73' lang='lat' dir='ltr'><strong>lapides</strong></span> <span class='ocrx_word' id='word_1_85' title='bbox 1342 959 1460 1002; x_wconf 77' lang='lat' dir='ltr'><strong>collas</strong></span> <span class='ocrx_word' id='word_1_86' title='bbox 1492 973 1512 1001; x_wconf 80' lang='lat' dir='ltr'><strong>e</strong></span> <span class='ocrx_word' id='word_1_87' title='bbox 1542 958 1676 1001; x_wconf 77' lang='lat' dir='ltr'><strong>medio</strong></span> <span class='ocrx_word' id='word_1_88' title='bbox 1690 991 1703 1007; x_wconf 89' lang='lat'><strong>,</strong></span> <span class='ocrx_word' id='word_1_89' title='bbox 1739 956 1980 1003; x_wconf 83' lang='lat' dir='ltr'><strong>aedificium</strong></span> <span class='ocrx_word' id='word_1_90' title='bbox 1996 991 2009 1010; x_wconf 91' lang='lat'><strong>,</strong></span> <span class='ocrx_word' id='word_1_91' title='bbox 2043 957 2161 1017; x_wconf 85' lang='lat' dir='ltr'><strong>quod</strong></span> <span class='ocrx_word' id='word_1_92' title='bbox 2194 963 2286 1002; x_wconf 87' lang='lat' dir='ltr'><strong>erat</strong></span> <span class='ocrx_word' id='word_1_93' title='bbox 2319 955 2606 1002; x_wconf 72' lang='lat' dir='ltr'><strong>extrinsecum</strong></span> <span class='ocrx_word' id='word_1_94' title='bbox 2619 986 2633 1004; x_wconf 85' lang='grc'><strong>.</strong></span> <span class='ocrx_word' id='word_1_95' title='bbox 2665 953 2770 1001; x_wconf 75' lang='lat' dir='ltr'><strong>nihil</strong></span> 
     </span>
     <span class='ocr_line' id='line_1_10' title="bbox 295 1025 2765 1098; baseline -0.002 -15"><span class='ocrx_word' id='word_1_96' title='bbox 295 1071 325 1097; x_wconf 89' lang='lat'>„</span> <span class='ocrx_word' id='word_1_97' title='bbox 348 1037 464 1084; x_wconf 90' lang='lat' dir='ltr'><strong>aliud</strong></span> <span class='ocrx_word' id='word_1_98' title='bbox 500 1044 589 1089; x_wconf 91' lang='lat' dir='ltr'><strong>est,</strong></span> <span class='ocrx_word' id='word_1_99' title='bbox 633 1053 763 1098; x_wconf 84' lang='lat' dir='ltr'><strong>quam</strong></span> <span class='ocrx_word' id='word_1_100' title='bbox 794 1037 1023 1083; x_wconf 84' lang='lat' dir='ltr'><strong>intrinseca</strong></span> <span class='ocrx_word' id='word_1_101' title='bbox 1055 1037 1174 1088; x_wconf 89' lang='lat' dir='ltr'><strong>idea,</strong></span> <span class='ocrx_word' id='word_1_102' title='bbox 1226 1037 1362 1083; x_wconf 83' lang='lat' dir='ltr'><strong>divisa</strong></span> <span class='ocrx_word' id='word_1_103' title='bbox 1389 1036 1563 1096; x_wconf 87' lang='lat' dir='ltr'><strong>quidem</strong></span> <span class='ocrx_word' id='word_1_104' title='bbox 1594 1050 1672 1095; x_wconf 87' lang='lat' dir='ltr'><strong>per</strong></span> <span class='ocrx_word' id='word_1_105' title='bbox 1706 1042 1928 1083; x_wconf 80' lang='lat' dir='ltr'><strong>externam</strong></span> <span class='ocrx_word' id='word_1_106' title='bbox 1957 1036 2160 1084; x_wconf 83' lang='lat' dir='ltr'><strong>materiae</strong></span> <span class='ocrx_word' id='word_1_107' title='bbox 2193 1036 2349 1082; x_wconf 89' lang='lat' dir='ltr'><strong>molem</strong></span> <span class='ocrx_word' id='word_1_108' title='bbox 2363 1068 2377 1088; x_wconf 86' lang='lat'>‚</span> <span class='ocrx_word' id='word_1_109' title='bbox 2411 1033 2630 1082; x_wconf 80' lang='lat' dir='ltr'><strong>individua</strong></span> <span class='ocrx_word' id='word_1_110' title='bbox 2660 1025 2765 1087; x_wconf 75' lang='lat' dir='ltr'><strong>vero</strong></span> 
     </span>
     <span class='ocr_line' id='line_1_11' title="bbox 296 1114 2763 1178; baseline 0 -16"><span class='ocrx_word' id='word_1_111' title='bbox 296 1151 325 1177; x_wconf 82' lang='lat'>„</span> <span class='ocrx_word' id='word_1_112' title='bbox 346 1118 558 1163; x_wconf 78' lang='lat' dir='ltr'>exsistens</span> <span class='ocrx_word' id='word_1_113' title='bbox 573 1150 586 1171; x_wconf 90' lang='lat'><strong>,</strong></span> <span class='ocrx_word' id='word_1_114' title='bbox 619 1118 699 1164; x_wconf 87' lang='lat' dir='ltr'><strong>etsi</strong></span> <span class='ocrx_word' id='word_1_115' title='bbox 733 1125 910 1178; x_wconf 87' lang='lat' dir='ltr'><strong>apparet</strong></span> <span class='ocrx_word' id='word_1_116' title='bbox 941 1118 984 1162; x_wconf 90' lang='lat' dir='ltr'><strong>in</strong></span> <span class='ocrx_word' id='word_1_117' title='bbox 1018 1117 1163 1162; x_wconf 89' lang='lat' dir='ltr'><strong>multis</strong></span> <span class='ocrx_word' id='word_1_118' title='bbox 1196 1114 1235 1176; x_wconf 82' lang='grc' dir='ltr'><strong>(ἢ</strong></span> <span class='ocrx_word' id='word_1_119' title='bbox 1263 1117 1319 1164; x_wconf 71' lang='grc' dir='ltr'><strong>ὅτι</strong></span> <span class='ocrx_word' id='word_1_120' title='bbox 1347 1119 1427 1162; x_wconf 78' lang='grc' dir='ltr'><strong>ἔστι</strong></span> <span class='ocrx_word' id='word_1_121' title='bbox 1454 1122 1498 1163; x_wconf 80' lang='grc' dir='ltr'><strong>τὸ</strong></span> <span class='ocrx_word' id='word_1_122' title='bbox 1524 1120 1616 1171; x_wconf 80' lang='grc' dir='ltr'><strong><em>ἔξω,</em></strong></span> <span class='ocrx_word' id='word_1_123' title='bbox 1651 1123 1682 1164; x_wconf 74' lang='grc' dir='ltr'><strong>εἰ</strong></span> <span class='ocrx_word' id='word_1_124' title='bbox 1712 1122 1913 1176; x_wconf 58' lang='lat' dir='ltr'><strong>mptum</strong></span> <span class='ocrx_word' id='word_1_125' title='bbox 1941 1122 2027 1170; x_wconf 77' lang='grc' dir='ltr'><strong>τοὺς</strong></span> <span class='ocrx_word' id='word_1_126' title='bbox 2057 1122 2205 1170; x_wconf 70' lang='grc' dir='ltr'><strong>λίθους,</strong></span> <span class='ocrx_word' id='word_1_127' title='bbox 2240 1122 2284 1164; x_wconf 77' lang='grc' dir='ltr'><strong>τὸ</strong></span> <span class='ocrx_word' id='word_1_128' title='bbox 2309 1119 2406 1164; x_wconf 72' lang='grc' dir='ltr'><strong><em>ἔνδον</em></strong></span> <span class='ocrx_word' id='word_1_129' title='bbox 2432 1116 2548 1170; x_wconf 64' lang='grc' dir='ltr'><strong><em>εἶδος,</em></strong></span> <span class='ocrx_word' id='word_1_130' title='bbox 2587 1119 2763 1172; x_wconf 71' lang='grc' dir='ltr'><strong>μερισθὲν</strong></span> 
     </span>
     <span class='ocr_line' id='line_1_12' title="bbox 296 1198 2705 1258; baseline -0.001 -14"><span class='ocrx_word' id='word_1_131' title='bbox 296 1232 326 1256; x_wconf 85' lang='grc'><strong>,,</strong></span> <span class='ocrx_word' id='word_1_132' title='bbox 347 1203 401 1253; x_wconf 72' lang='grc' dir='ltr'><strong>τῷ</strong></span> <span class='ocrx_word' id='word_1_133' title='bbox 429 1201 500 1251; x_wconf 78' lang='grc' dir='ltr'><strong>ἔξω</strong></span> <span class='ocrx_word' id='word_1_134' title='bbox 529 1200 620 1249; x_wconf 73' lang='grc' dir='ltr'><strong>ὕλης</strong></span> <span class='ocrx_word' id='word_1_135' title='bbox 649 1200 770 1253; x_wconf 70' lang='grc' dir='ltr'><em>ὄγκῳ,</em></span> <span class='ocrx_word' id='word_1_136' title='bbox 801 1203 937 1253; x_wconf 70' lang='grc' dir='ltr'><em>ἀμερὲς</em></span> <span class='ocrx_word' id='word_1_137' title='bbox 963 1201 1000 1243; x_wconf 76' lang='grc' dir='ltr'><strong>ὃν</strong></span> <span class='ocrx_word' id='word_1_138' title='bbox 1014 1233 1025 1250; x_wconf 90' lang='grc'><em>,</em></span> <span class='ocrx_word' id='word_1_139' title='bbox 1055 1201 1094 1243; x_wconf 79' lang='grc' dir='ltr'><strong>ἐν</strong></span> <span class='ocrx_word' id='word_1_140' title='bbox 1123 1206 1276 1246; x_wconf 78' lang='grc' dir='ltr'><strong><em>πολλοῖς</em></strong></span> <span class='ocrx_word' id='word_1_141' title='bbox 1304 1198 1635 1258; x_wconf 66' lang='grc' dir='ltr'><strong>Φανταζόμενον).”</strong></span> <span class='ocrx_word' id='word_1_142' title='bbox 2702 1212 2705 1215; x_wconf 72' lang='grc'>’</span> 
     </span>
    </p>

    <p class='ocr_par' dir='ltr' id='par_1_4' title="bbox 268 1275 2781 1738">
     <span class='ocr_line' id='line_1_13' title="bbox 356 1275 2766 1337; baseline -0 -15"><span class='ocrx_word' id='word_1_143' title='bbox 356 1279 415 1323; x_wconf 81' lang='lat' dir='ltr'><strong>At</strong></span> <span class='ocrx_word' id='word_1_144' title='bbox 457 1278 592 1337; x_wconf 89' lang='lat' dir='ltr'><strong>liquet</strong></span> <span class='ocrx_word' id='word_1_145' title='bbox 637 1291 726 1321; x_wconf 91' lang='lat' dir='ltr'><strong>non</strong></span> <span class='ocrx_word' id='word_1_146' title='bbox 761 1292 909 1322; x_wconf 90' lang='lat' dir='ltr'><strong>omnes</strong></span> <span class='ocrx_word' id='word_1_147' title='bbox 956 1277 1133 1322; x_wconf 91' lang='lat' dir='ltr'><strong>omnino</strong></span> <span class='ocrx_word' id='word_1_148' title='bbox 1167 1277 1283 1321; x_wconf 86' lang='lat' dir='ltr'>ideas</span> <span class='ocrx_word' id='word_1_149' title='bbox 1317 1290 1395 1335; x_wconf 91' lang='lat' dir='ltr'><strong>per</strong></span> <span class='ocrx_word' id='word_1_150' title='bbox 1427 1276 1585 1322; x_wconf 84' lang='lat' dir='ltr'><strong>formas</strong></span> <span class='ocrx_word' id='word_1_151' title='bbox 1618 1277 1819 1331; x_wconf 83' lang='lat' dir='ltr'><strong>indicari,</strong></span> <span class='ocrx_word' id='word_1_152' title='bbox 1855 1279 1915 1323; x_wconf 88' lang='lat' dir='ltr'><strong>ita</strong></span> <span class='ocrx_word' id='word_1_153' title='bbox 1945 1278 2041 1323; x_wconf 91' lang='lat' dir='ltr'><strong>idea</strong></span> <span class='ocrx_word' id='word_1_154' title='bbox 2076 1278 2203 1331; x_wconf 87' lang='lat' dir='ltr'><strong>boni,</strong></span> <span class='ocrx_word' id='word_1_155' title='bbox 2246 1278 2341 1323; x_wconf 86' lang='lat' dir='ltr'><strong>idea</strong></span> <span class='ocrx_word' id='word_1_156' title='bbox 2377 1276 2493 1329; x_wconf 86' lang='lat' dir='ltr'><strong>veri,</strong></span> <span class='ocrx_word' id='word_1_157' title='bbox 2539 1276 2648 1322; x_wconf 83' lang='lat' dir='ltr'><strong>aliae</strong></span> <span class='ocrx_word' id='word_1_158' title='bbox 2681 1275 2766 1321; x_wconf 85' lang='lat' dir='ltr'><strong>alia</strong></span> 
     </span>
     <span class='ocr_line' id='line_1_14' title="bbox 294 1354 2767 1417; baseline -0.001 -14"><span class='ocrx_word' id='word_1_159' title='bbox 294 1358 462 1405; x_wconf 84' lang='lat' dir='ltr'><strong>ratione</strong></span> <span class='ocrx_word' id='word_1_160' title='bbox 508 1359 553 1403; x_wconf 91' lang='lat' dir='ltr'><strong>in</strong></span> <span class='ocrx_word' id='word_1_161' title='bbox 597 1358 774 1404; x_wconf 87' lang='lat' dir='ltr'><strong>materia</strong></span> <span class='ocrx_word' id='word_1_162' title='bbox 819 1358 905 1403; x_wconf 87' lang='lat' dir='ltr'><strong>vim</strong></span> <span class='ocrx_word' id='word_1_163' title='bbox 941 1372 1063 1403; x_wconf 89' lang='lat' dir='ltr'><strong>suam</strong></span> <span class='ocrx_word' id='word_1_164' title='bbox 1099 1357 1352 1416; x_wconf 79' lang='lat' dir='ltr'><strong>expriment.</strong></span> <span class='ocrx_word' id='word_1_165' title='bbox 1418 1357 1515 1410; x_wconf 88' lang='lat' dir='ltr'><strong>Qua</strong></span> <span class='ocrx_word' id='word_1_166' title='bbox 1547 1371 1595 1401; x_wconf 91' lang='lat' dir='ltr'><strong>re</strong></span> <span class='ocrx_word' id='word_1_167' title='bbox 1628 1357 1698 1402; x_wconf 85' lang='lat' dir='ltr'><strong>vix</strong></span> <span class='ocrx_word' id='word_1_168' title='bbox 1732 1371 1841 1416; x_wconf 91' lang='lat' dir='ltr'><strong>opus</strong></span> <span class='ocrx_word' id='word_1_169' title='bbox 1878 1371 1974 1403; x_wconf 85' lang='lat' dir='ltr'><strong>esse</strong></span> <span class='ocrx_word' id='word_1_170' title='bbox 2005 1357 2196 1409; x_wconf 85' lang='lat' dir='ltr'><strong>videtur,</strong></span> <span class='ocrx_word' id='word_1_171' title='bbox 2239 1363 2287 1403; x_wconf 91' lang='lat' dir='ltr'><strong>ut</strong></span> <span class='ocrx_word' id='word_1_172' title='bbox 2322 1369 2596 1408; x_wconf 84' lang='lat' dir='ltr'><strong>moneamus,</strong></span> <span class='ocrx_word' id='word_1_173' title='bbox 2647 1354 2767 1417; x_wconf 83' lang='lat' dir='ltr'><strong>quod</strong></span> 
     </span>
     <span class='ocr_line' id='line_1_15' title="bbox 297 1435 2781 1497; baseline -0.001 -14"><span class='ocrx_word' id='word_1_174' title='bbox 297 1440 424 1483; x_wconf 83' lang='lat' dir='ltr'><strong>etiam</strong></span> <span class='ocrx_word' id='word_1_175' title='bbox 459 1454 513 1483; x_wconf 85' lang='lat' dir='ltr'><strong>ex</strong></span> <span class='ocrx_word' id='word_1_176' title='bbox 559 1440 757 1497; x_wconf 86' lang='lat' dir='ltr'><strong>exemplo</strong></span> <span class='ocrx_word' id='word_1_177' title='bbox 794 1439 943 1483; x_wconf 91' lang='lat' dir='ltr'><strong>ultimo</strong></span> <span class='ocrx_word' id='word_1_178' title='bbox 979 1440 1078 1483; x_wconf 90' lang='lat' dir='ltr'><strong>loco</strong></span> <span class='ocrx_word' id='word_1_179' title='bbox 1117 1439 1245 1483; x_wconf 89' lang='lat' dir='ltr'><strong>allato</strong></span> <span class='ocrx_word' id='word_1_180' title='bbox 1285 1446 1424 1496; x_wconf 86' lang='lat' dir='ltr'><strong>patet,</strong></span> <span class='ocrx_word' id='word_1_181' title='bbox 1466 1438 1583 1482; x_wconf 82' lang='lat' dir='ltr'><strong>ideas</strong></span> <span class='ocrx_word' id='word_1_182' title='bbox 1617 1445 1791 1482; x_wconf 90' lang='lat' dir='ltr'><strong>eatenus</strong></span> <span class='ocrx_word' id='word_1_183' title='bbox 1828 1438 1960 1482; x_wconf 90' lang='lat' dir='ltr'><strong>modo</strong></span> <span class='ocrx_word' id='word_1_184' title='bbox 1990 1453 2069 1497; x_wconf 87' lang='lat' dir='ltr'><strong>per</strong></span> <span class='ocrx_word' id='word_1_185' title='bbox 2105 1439 2265 1483; x_wconf 83' lang='lat' dir='ltr'><strong>formas</strong></span> <span class='ocrx_word' id='word_1_186' title='bbox 2299 1437 2342 1482; x_wconf 90' lang='lat' dir='ltr'><strong>in</strong></span> <span class='ocrx_word' id='word_1_187' title='bbox 2376 1436 2504 1482; x_wconf 82' lang='lat' dir='ltr'><strong>rebus</strong></span> <span class='ocrx_word' id='word_1_188' title='bbox 2537 1435 2781 1495; x_wconf 85' lang='lat' dir='ltr'><strong>corporeis&#39;</strong></span> 
     </span>
     <span class='ocr_line' id='line_1_16' title="bbox 268 1516 2764 1580; baseline -0.001 -18"><span class='ocrx_word' id='word_1_189' title='bbox 268 1533 388 1563; x_wconf 86' lang='lat' dir='ltr'><strong>-sese</strong></span> <span class='ocrx_word' id='word_1_190' title='bbox 434 1519 730 1569; x_wconf 84' lang='lat' dir='ltr'><strong>manifestare,</strong></span> <span class='ocrx_word' id='word_1_191' title='bbox 780 1525 990 1577; x_wconf 89' lang='lat' dir='ltr'><strong>quatenus</strong></span> <span class='ocrx_word' id='word_1_192' title='bbox 1036 1519 1089 1562; x_wconf 89' lang='lat' dir='ltr'><strong>ad</strong></span> <span class='ocrx_word' id='word_1_193' title='bbox 1137 1525 1356 1580; x_wconf 87' lang='lat' dir='ltr'><strong>externam</strong></span> <span class='ocrx_word' id='word_1_194' title='bbox 1390 1518 1599 1577; x_wconf 90' lang='lat' dir='ltr'><strong>speciem,</strong></span> <span class='ocrx_word' id='word_1_195' title='bbox 1644 1518 1671 1561; x_wconf 88' lang='lat' dir='ltr'><strong>i.</strong></span> <span class='ocrx_word' id='word_1_196' title='bbox 1706 1533 1741 1562; x_wconf 89' lang='lat' dir='ltr'><strong>e.</strong></span> <span class='ocrx_word' id='word_1_197' title='bbox 1774 1519 1955 1563; x_wconf 77' lang='lat' dir='ltr'><strong>ad-eam</strong></span> <span class='ocrx_word' id='word_1_198' title='bbox 1988 1518 2260 1578; x_wconf 80' lang='lat' dir='ltr'><strong>qualitatem,</strong></span> <span class='ocrx_word' id='word_1_199' title='bbox 2303 1532 2388 1577; x_wconf 87' lang='lat' dir='ltr'><strong>qua</strong></span> <span class='ocrx_word' id='word_1_200' title='bbox 2418 1516 2621 1576; x_wconf 73' lang='lat' dir='ltr'><strong>pulchrae</strong></span> <span class='ocrx_word' id='word_1_201' title='bbox 2653 1517 2764 1568; x_wconf 85' lang='lat' dir='ltr'><strong>sint,</strong></span> 
     </span>
     <span class='ocr_line' id='line_1_17' title="bbox 294 1595 2762 1657; baseline -0.001 -14"><span class='ocrx_word' id='word_1_202' title='bbox 294 1599 559 1649; x_wconf 82' lang='lat' dir='ltr'><strong>referantur,</strong></span> <span class='ocrx_word' id='word_1_203' title='bbox 606 1613 792 1657; x_wconf 87' lang='lat' dir='ltr'><strong>quocum</strong></span> <span class='ocrx_word' id='word_1_204' title='bbox 838 1598 1048 1657; x_wconf 88' lang='lat' dir='ltr'><strong>imprimis</strong></span> <span class='ocrx_word' id='word_1_205' title='bbox 1080 1600 1274 1643; x_wconf 83' lang='lat' dir='ltr'><strong>conferas</strong></span> <span class='ocrx_word' id='word_1_206' title='bbox 1302 1599 1443 1642; x_wconf 89' lang='lat' dir='ltr'><strong>locum</strong></span> <span class='ocrx_word' id='word_1_207' title='bbox 1482 1599 1525 1642; x_wconf 90' lang='lat' dir='ltr'><strong>in</strong></span> <span class='ocrx_word' id='word_1_208' title='bbox 1562 1598 1748 1643; x_wconf 82' lang='lat' dir='ltr'><strong>Platonis</strong></span> <span class='ocrx_word' id='word_1_209' title='bbox 1782 1598 2005 1650; x_wconf 89' lang='lat' dir='ltr'><strong>Phaedro,</strong></span> <span class='ocrx_word' id='word_1_210' title='bbox 2050 1613 2093 1657; x_wconf 90' lang='lat' dir='ltr'><strong>p.</strong></span> <span class='ocrx_word' id='word_1_211' title='bbox 2127 1599 2233 1642; x_wconf 79' lang='lat'><strong>250.</strong></span> <span class='ocrx_word' id='word_1_212' title='bbox 2268 1600 2318 1643; x_wconf 81' lang='grc' dir='ltr'><strong>Ι).</strong></span> <span class='ocrx_word' id='word_1_213' title='bbox 2351 1596 2425 1641; x_wconf 84' lang='lat' dir='ltr'><strong>ubi</strong></span> <span class='ocrx_word' id='word_1_214' title='bbox 2456 1597 2606 1648; x_wconf 87' lang='lat' dir='ltr'><strong>docet,</strong></span> <span class='ocrx_word' id='word_1_215' title='bbox 2650 1595 2762 1641; x_wconf 87' lang='lat' dir='ltr'><strong>inter</strong></span> 
     </span>
     <span class='ocr_line' id='line_1_18' title="bbox 293 1676 2755 1738; baseline -0.001 -15"><span class='ocrx_word' id='word_1_216' title='bbox 293 1679 437 1730; x_wconf 72' lang='lat' dir='ltr'><strong>ideas,</strong></span> <span class='ocrx_word' id='word_1_217' title='bbox 470 1679 724 1738; x_wconf 87' lang='lat' dir='ltr'><strong>quibuscum</strong></span> <span class='ocrx_word' id='word_1_218' title='bbox 746 1680 790 1723; x_wconf 91' lang='lat' dir='ltr'><strong>in</strong></span> <span class='ocrx_word' id='word_1_219' title='bbox 812 1680 900 1723; x_wconf 88' lang='lat' dir='ltr'><strong>vita</strong></span> <span class='ocrx_word' id='word_1_220' title='bbox 919 1679 1135 1723; x_wconf 90' lang='lat' dir='ltr'><strong>anteriore</strong></span> <span class='ocrx_word' id='word_1_221' title='bbox 1152 1679 1308 1723; x_wconf 91' lang='lat' dir='ltr'><strong>versati</strong></span> <span class='ocrx_word' id='word_1_222' title='bbox 1327 1678 1456 1722; x_wconf 90' lang='lat' dir='ltr'><strong>simus</strong></span> <span class='ocrx_word' id='word_1_223' title='bbox 1470 1712 1481 1730; x_wconf 98' lang='lat'><strong>,</strong></span> <span class='ocrx_word' id='word_1_224' title='bbox 1503 1678 1643 1723; x_wconf 90' lang='lat' dir='ltr'><strong>ideam</strong></span> <span class='ocrx_word' id='word_1_225' title='bbox 1661 1679 1824 1737; x_wconf 80' lang='lat' dir='ltr'><strong>pulchri</strong></span> <span class='ocrx_word' id='word_1_226' title='bbox 1847 1676 1985 1723; x_wconf 85' lang='lat' dir='ltr'><strong>solam</strong></span> <span class='ocrx_word' id='word_1_227' title='bbox 2003 1679 2330 1737; x_wconf 87' lang='lat' dir='ltr'><strong>adspectabilem</strong></span> <span class='ocrx_word' id='word_1_228' title='bbox 2345 1679 2526 1722; x_wconf 82' lang='lat' dir='ltr'><strong>formam</strong></span> <span class='ocrx_word' id='word_1_229' title='bbox 2541 1676 2755 1722; x_wconf 84' lang='lat' dir='ltr'><strong>hahuisse.</strong></span> 
     </span>
    </p>

    <p class='ocr_par' dir='ltr' id='par_1_5' title="bbox 293 1757 2760 1897">
     <span class='ocr_line' id='line_1_19' title="bbox 356 1757 2760 1818; baseline 0 -17"><span class='ocrx_word' id='word_1_230' title='bbox 356 1760 436 1808; x_wconf 76' lang='lat' dir='ltr'><strong>At,</strong></span> <span class='ocrx_word' id='word_1_231' title='bbox 480 1773 613 1818; x_wconf 88' lang='lat' dir='ltr'><strong>quum</strong></span> <span class='ocrx_word' id='word_1_232' title='bbox 660 1758 776 1802; x_wconf 92' lang='lat' dir='ltr'><strong>nulla</strong></span> <span class='ocrx_word' id='word_1_233' title='bbox 819 1774 888 1801; x_wconf 92' lang='lat' dir='ltr'><strong>res</strong></span> <span class='ocrx_word' id='word_1_234' title='bbox 938 1759 1028 1802; x_wconf 90' lang='lat' dir='ltr'><strong>sine</strong></span> <span class='ocrx_word' id='word_1_235' title='bbox 1076 1759 1216 1802; x_wconf 86' lang='lat' dir='ltr'><strong>forma</strong></span> <span class='ocrx_word' id='word_1_236' title='bbox 1256 1758 1333 1810; x_wconf 91' lang='lat' dir='ltr'><strong>sit,</strong></span> <span class='ocrx_word' id='word_1_237' title='bbox 1383 1773 1485 1802; x_wconf 90' lang='lat' dir='ltr'><strong>num</strong></span> <span class='ocrx_word' id='word_1_238' title='bbox 1517 1758 1615 1803; x_wconf 87' lang='lat' dir='ltr'><strong>ideo</strong></span> <span class='ocrx_word' id='word_1_239' title='bbox 1651 1758 1875 1803; x_wconf 86' lang='lat' dir='ltr'><strong>dicendum</strong></span> <span class='ocrx_word' id='word_1_240' title='bbox 1907 1765 1972 1803; x_wconf 90' lang='lat' dir='ltr'><strong>est</strong></span> <span class='ocrx_word' id='word_1_241' title='bbox 2006 1773 2154 1802; x_wconf 91' lang='lat' dir='ltr'><strong>omnes</strong></span> <span class='ocrx_word' id='word_1_242' title='bbox 2188 1759 2362 1802; x_wconf 90' lang='lat' dir='ltr'><strong>omnino</strong></span> <span class='ocrx_word' id='word_1_243' title='bbox 2399 1757 2595 1815; x_wconf 87' lang='lat' dir='ltr'><strong>pulchras</strong></span> <span class='ocrx_word' id='word_1_244' title='bbox 2629 1760 2760 1801; x_wconf 77' lang='lat' dir='ltr'><strong>esse‘z‘</strong></span> 
     </span>
     <span class='ocr_line' id='line_1_20' title="bbox 293 1838 795 1897; baseline -0.002 -15"><span class='ocrx_word' id='word_1_245' title='bbox 293 1838 542 1897; x_wconf 83' lang='lat' dir='ltr'><strong>Respondet</strong></span> <span class='ocrx_word' id='word_1_246' title='bbox 574 1839 795 1882; x_wconf 88' lang='lat' dir='ltr'><strong>Plotinus:</strong></span> 
     </span>
    </p>

    <p class='ocr_par' dir='ltr' id='par_1_6' title="bbox 293 1919 2759 2055">
     <span class='ocr_line' id='line_1_21' title="bbox 348 1919 2754 1973; baseline -0 -12"><span class='ocrx_word' id='word_1_247' title='bbox 348 1923 504 1972; x_wconf 77' lang='grc' dir='ltr'><strong><em>αἰσχρὸν</em></strong></span> <span class='ocrx_word' id='word_1_248' title='bbox 542 1922 580 1962; x_wconf 78' lang='grc' dir='ltr'><strong>δὲ</strong></span> <span class='ocrx_word' id='word_1_249' title='bbox 621 1922 686 1962; x_wconf 61' lang='grc' dir='ltr'><strong>καὶ</strong></span> <span class='ocrx_word' id='word_1_250' title='bbox 713 1923 758 1962; x_wconf 76' lang='grc' dir='ltr'><strong>τὸ</strong></span> <span class='ocrx_word' id='word_1_251' title='bbox 786 1924 840 1970; x_wconf 74' lang='grc' dir='ltr'><strong>μὴ</strong></span> <span class='ocrx_word' id='word_1_252' title='bbox 870 1927 1154 1962; x_wconf 83' lang='grc' dir='ltr'>ΚΡΑΤΗΘΕΝ</span> <span class='ocrx_word' id='word_1_253' title='bbox 1182 1922 1252 1962; x_wconf 84' lang='grc' dir='ltr'><strong>ὑπὸ</strong></span> <span class='ocrx_word' id='word_1_254' title='bbox 1279 1926 1423 1973; x_wconf 80' lang='grc' dir='ltr'><strong><em>μορφῆς</em></strong></span> <span class='ocrx_word' id='word_1_255' title='bbox 1451 1923 1515 1962; x_wconf 77' lang='grc' dir='ltr'><strong>καὶ</strong></span> <span class='ocrx_word' id='word_1_256' title='bbox 1542 1922 1679 1970; x_wconf 75' lang='grc' dir='ltr'><em>λόγου,</em></span> <span class='ocrx_word' id='word_1_257' title='bbox 1723 1923 1805 1962; x_wconf 85' lang='grc' dir='ltr'><strong>οὐκ</strong></span> <span class='ocrx_word' id='word_1_258' title='bbox 1835 1921 2192 1973; x_wconf 73' lang='grc' dir='ltr'><em>ἀνασχομένης</em></span> <span class='ocrx_word' id='word_1_259' title='bbox 2231 1926 2318 1966; x_wconf 77' lang='grc' dir='ltr'><strong>τῆς</strong></span> <span class='ocrx_word' id='word_1_260' title='bbox 2345 1920 2460 1967; x_wconf 75' lang='grc' dir='ltr'><strong>ὕλης</strong></span> <span class='ocrx_word' id='word_1_261' title='bbox 2498 1922 2551 1961; x_wconf 79' lang='grc' dir='ltr'><strong>τὸ</strong></span> <span class='ocrx_word' id='word_1_262' title='bbox 2591 1919 2754 1967; x_wconf 69' lang='grc' dir='ltr'>πάντη</span> 
     </span>
     <span class='ocr_line' id='line_1_22' title="bbox 293 1995 2759 2055; baseline -0.001 -16"><span class='ocrx_word' id='word_1_263' title='bbox 293 2001 422 2041; x_wconf 69' lang='grc' dir='ltr'><strong>κατὰ</strong></span> <span class='ocrx_word' id='word_1_264' title='bbox 450 2001 501 2040; x_wconf 83' lang='grc' dir='ltr'><strong>τὸ</strong></span> <span class='ocrx_word' id='word_1_265' title='bbox 530 1998 661 2045; x_wconf 81' lang='grc' dir='ltr'><em>εἶδος</em></span> <span class='ocrx_word' id='word_1_266' title='bbox 690 2000 1024 2052; x_wconf 70' lang='grc' dir='ltr'><strong>μορφοῦσθαι.</strong></span> <span class='ocrx_word' id='word_1_267' title='bbox 1093 1999 1170 2040; x_wconf 89' lang='lat' dir='ltr'><strong>Est</strong></span> <span class='ocrx_word' id='word_1_268' title='bbox 1191 1998 1319 2055; x_wconf 86' lang='lat' dir='ltr'><strong>igitur</strong></span> <span class='ocrx_word' id='word_1_269' title='bbox 1341 1997 1609 2055; x_wconf 83' lang='lat' dir='ltr'><strong>pulchritudo</strong></span> <span class='ocrx_word' id='word_1_270' title='bbox 1634 1998 1848 2055; x_wconf 80' lang='lat' dir='ltr'><strong>imperium</strong></span> <span class='ocrx_word' id='word_1_271' title='bbox 1869 1998 2032 2040; x_wconf 89' lang='lat' dir='ltr'><strong>formae</strong></span> <span class='ocrx_word' id='word_1_272' title='bbox 2055 2011 2185 2053; x_wconf 86' lang='lat' dir='ltr'><strong>super</strong></span> <span class='ocrx_word' id='word_1_273' title='bbox 2206 1995 2444 2054; x_wconf 79' lang='lat' dir='ltr'><strong>subjectum</strong></span> <span class='ocrx_word' id='word_1_274' title='bbox 2465 2010 2500 2038; x_wconf 89' lang='lat' dir='ltr'><strong>s.</strong></span> <span class='ocrx_word' id='word_1_275' title='bbox 2523 1996 2759 2040; x_wconf 72' lang='lat' dir='ltr'><strong>materiam.</strong></span> 
     </span>
    </p>

    <p class='ocr_par' dir='ltr' id='par_1_7' title="bbox 291 2075 2760 2296">
     <span class='ocr_line' id='line_1_23' title="bbox 354 2075 2760 2136; baseline 0 -17"><span class='ocrx_word' id='word_1_276' title='bbox 354 2076 461 2126; x_wconf 87' lang='lat' dir='ltr'><strong>Sed,</strong></span> <span class='ocrx_word' id='word_1_277' title='bbox 506 2083 632 2134; x_wconf 84' lang='lat' dir='ltr'><strong>roget</strong></span> <span class='ocrx_word' id='word_1_278' title='bbox 668 2077 786 2134; x_wconf 82' lang='lat' dir='ltr'><strong>quis,</strong></span> <span class='ocrx_word' id='word_1_279' title='bbox 831 2092 964 2136; x_wconf 93' lang='lat' dir='ltr'><strong>quum</strong></span> <span class='ocrx_word' id='word_1_280' title='bbox 999 2092 1107 2135; x_wconf 90' lang='lat' dir='ltr'><strong>pura</strong></span> <span class='ocrx_word' id='word_1_281' title='bbox 1142 2077 1335 2120; x_wconf 90' lang='lat' dir='ltr'><strong>materies</strong></span> <span class='ocrx_word' id='word_1_282' title='bbox 1370 2092 1392 2119; x_wconf 92' lang='lat' dir='ltr'><strong>e</strong></span> <span class='ocrx_word' id='word_1_283' title='bbox 1425 2078 1579 2121; x_wconf 88' lang='lat' dir='ltr'><strong>Plotini</strong></span> <span class='ocrx_word' id='word_1_284' title='bbox 1613 2078 1820 2121; x_wconf 90' lang='lat' dir='ltr'><strong>sententia</strong></span> <span class='ocrx_word' id='word_1_285' title='bbox 1853 2091 1990 2136; x_wconf 86' lang='lat' dir='ltr'><strong>aeque</strong></span> <span class='ocrx_word' id='word_1_286' title='bbox 2024 2077 2162 2120; x_wconf 90' lang='lat' dir='ltr'><strong>minus</strong></span> <span class='ocrx_word' id='word_1_287' title='bbox 2197 2075 2360 2134; x_wconf 85' lang='lat' dir='ltr'><strong>percipi</strong></span> <span class='ocrx_word' id='word_1_288' title='bbox 2392 2082 2519 2135; x_wconf 88' lang='lat' dir='ltr'><strong>queat</strong></span> <span class='ocrx_word' id='word_1_289' title='bbox 2549 2090 2600 2119; x_wconf 89' lang='lat' dir='ltr'><strong>ac</strong></span> <span class='ocrx_word' id='word_1_290' title='bbox 2633 2076 2760 2127; x_wconf 79' lang='lat' dir='ltr'><strong>deus,</strong></span> 
     </span>
     <span class='ocr_line' id='line_1_24' title="bbox 291 2155 2754 2217; baseline -0 -17"><span class='ocrx_word' id='word_1_291' title='bbox 291 2156 450 2215; x_wconf 88' lang='lat' dir='ltr'><strong>quippe</strong></span> <span class='ocrx_word' id='word_1_292' title='bbox 497 2171 607 2215; x_wconf 89' lang='lat' dir='ltr'><strong>quae</strong></span> <span class='ocrx_word' id='word_1_293' title='bbox 653 2156 789 2200; x_wconf 91' lang='lat' dir='ltr'><strong>nullas</strong></span> <span class='ocrx_word' id='word_1_294' title='bbox 825 2157 1001 2201; x_wconf 90' lang='lat' dir='ltr'><strong>omnino</strong></span> <span class='ocrx_word' id='word_1_295' title='bbox 1040 2156 1193 2200; x_wconf 88' lang='lat' dir='ltr'><strong>habeat</strong></span> <span class='ocrx_word' id='word_1_296' title='bbox 1228 2157 1473 2216; x_wconf 89' lang='lat' dir='ltr'><strong>qualitates,</strong></span> <span class='ocrx_word' id='word_1_297' title='bbox 1521 2172 1662 2201; x_wconf 90' lang='lat' dir='ltr'><strong>nonne</strong></span> <span class='ocrx_word' id='word_1_298' title='bbox 1696 2158 1864 2208; x_wconf 87' lang='lat' dir='ltr'><strong>omnia,</strong></span> <span class='ocrx_word' id='word_1_299' title='bbox 1906 2171 2016 2217; x_wconf 89' lang='lat' dir='ltr'><strong>quae</strong></span> <span class='ocrx_word' id='word_1_300' title='bbox 2052 2156 2307 2214; x_wconf 85' lang='lat' dir='ltr'><strong>percipimus</strong></span> <span class='ocrx_word' id='word_1_301' title='bbox 2341 2155 2532 2199; x_wconf 86' lang='lat' dir='ltr'><strong>sensibus</strong></span> <span class='ocrx_word' id='word_1_302' title='bbox 2565 2155 2719 2199; x_wconf 86' lang='lat' dir='ltr'><strong>nostris</strong></span> <span class='ocrx_word' id='word_1_303' title='bbox 2742 2188 2754 2207; x_wconf 92' lang='lat'><strong>,</strong></span> 
     </span>
     <span class='ocr_line' id='line_1_25' title="bbox 291 2237 1056 2296; baseline 0.001 -16"><span class='ocrx_word' id='word_1_304' title='bbox 291 2237 456 2281; x_wconf 83' lang='lat' dir='ltr'><strong>formae</strong></span> <span class='ocrx_word' id='word_1_305' title='bbox 491 2243 590 2280; x_wconf 89' lang='lat' dir='ltr'><strong>sunt</strong></span> <span class='ocrx_word' id='word_1_306' title='bbox 622 2237 807 2296; x_wconf 90' lang='lat' dir='ltr'><strong>ideoque</strong></span> <span class='ocrx_word' id='word_1_307' title='bbox 840 2237 1056 2295; x_wconf 72' lang='lat' dir='ltr'><strong>pulchra?</strong></span> 
     </span>
    </p>

    <p class='ocr_par' dir='ltr' id='par_1_8' title="bbox 353 2317 2574 2375">
     <span class='ocr_line' id='line_1_26' title="bbox 353 2317 2574 2375; baseline 0 -15"><span class='ocrx_word' id='word_1_308' title='bbox 353 2318 463 2360; x_wconf 88' lang='lat' dir='ltr'><strong>Hinc</strong></span> <span class='ocrx_word' id='word_1_309' title='bbox 497 2317 779 2375; x_wconf 90' lang='lat' dir='ltr'><strong>philosophus</strong></span> <span class='ocrx_word' id='word_1_310' title='bbox 816 2317 958 2360; x_wconf 87' lang='lat' dir='ltr'><strong>statim</strong></span> <span class='ocrx_word' id='word_1_311' title='bbox 996 2317 1139 2361; x_wconf 81' lang='lat' dir='ltr'><strong>addit:</strong></span> <span class='ocrx_word' id='word_1_312' title='bbox 1207 2318 1394 2374; x_wconf 86' lang='lat' dir='ltr'><strong>„Quum</strong></span> <span class='ocrx_word' id='word_1_313' title='bbox 1425 2319 1600 2362; x_wconf 89' lang='lat' dir='ltr'><strong>materia</strong></span> <span class='ocrx_word' id='word_1_314' title='bbox 1633 2334 1718 2361; x_wconf 90' lang='lat' dir='ltr'><strong>non</strong></span> <span class='ocrx_word' id='word_1_315' title='bbox 1758 2319 1963 2362; x_wconf 89' lang='lat' dir='ltr'><strong>sustineat</strong></span> <span class='ocrx_word' id='word_1_316' title='bbox 1995 2318 2203 2375; x_wconf 82' lang='lat' dir='ltr'><strong>integram</strong></span> <span class='ocrx_word' id='word_1_317' title='bbox 2236 2317 2574 2360; x_wconf 81' lang='lat' dir='ltr'><strong>formationem.’&#39;</strong></span> 
     </span>
    </p>

    <p class='ocr_par' dir='ltr' id='par_1_9' title="bbox 283 2396 2761 2853">
     <span class='ocr_line' id='line_1_27' title="bbox 354 2396 2761 2455; baseline 0 -16"><span class='ocrx_word' id='word_1_318' title='bbox 354 2401 428 2440; x_wconf 86' lang='lat' dir='ltr'><strong>Est</strong></span> <span class='ocrx_word' id='word_1_319' title='bbox 462 2412 615 2455; x_wconf 89' lang='lat' dir='ltr'><strong>nempe</strong></span> <span class='ocrx_word' id='word_1_320' title='bbox 650 2398 754 2440; x_wconf 87' lang='lat' dir='ltr'><strong>haec</strong></span> <span class='ocrx_word' id='word_1_321' title='bbox 788 2397 991 2440; x_wconf 88' lang='lat' dir='ltr'><strong>materiae</strong></span> <span class='ocrx_word' id='word_1_322' title='bbox 1025 2404 1199 2445; x_wconf 85' lang='lat' dir='ltr'><strong>natura,</strong></span> <span class='ocrx_word' id='word_1_323' title='bbox 1240 2405 1285 2440; x_wconf 90' lang='lat' dir='ltr'><strong>ut</strong></span> <span class='ocrx_word' id='word_1_324' title='bbox 1319 2414 1452 2441; x_wconf 81' lang='lat' dir='ltr'><strong>omnes</strong></span> <span class='ocrx_word' id='word_1_325' title='bbox 1485 2398 1610 2441; x_wconf 90' lang='lat' dir='ltr'><strong>simul</strong></span> <span class='ocrx_word' id='word_1_326' title='bbox 1646 2398 1762 2442; x_wconf 88' lang='lat' dir='ltr'><strong>ideas</strong></span> <span class='ocrx_word' id='word_1_327' title='bbox 1800 2413 1832 2441; x_wconf 82' lang='lat' dir='ltr'><strong>s,</strong></span> <span class='ocrx_word' id='word_1_328' title='bbox 1867 2400 2027 2442; x_wconf 80' lang='lat' dir='ltr'><strong>formas</strong></span> <span class='ocrx_word' id='word_1_329' title='bbox 2061 2398 2104 2441; x_wconf 91' lang='lat' dir='ltr'><strong>in</strong></span> <span class='ocrx_word' id='word_1_330' title='bbox 2139 2413 2184 2441; x_wconf 93' lang='lat' dir='ltr'><strong>se</strong></span> <span class='ocrx_word' id='word_1_331' title='bbox 2218 2398 2442 2454; x_wconf 82' lang='lat' dir='ltr'><strong>suscipiat.</strong></span> <span class='ocrx_word' id='word_1_332' title='bbox 2486 2398 2562 2441; x_wconf 88' lang='lat' dir='ltr'><strong>sed</strong></span> <span class='ocrx_word' id='word_1_333' title='bbox 2589 2396 2761 2449; x_wconf 51' lang='lat' dir='ltr'><strong>difficile,</strong></span> 
     </span>
     <span class='ocr_line' id='line_1_28' title="bbox 289 2477 2755 2535; baseline 0 -17"><span class='ocrx_word' id='word_1_334' title='bbox 289 2485 378 2524; x_wconf 85' lang='lat' dir='ltr'><strong>est,</strong></span> <span class='ocrx_word' id='word_1_335' title='bbox 430 2485 476 2519; x_wconf 92' lang='lat' dir='ltr'><strong>ut</strong></span> <span class='ocrx_word' id='word_1_336' title='bbox 508 2478 549 2518; x_wconf 90' lang='lat' dir='ltr'><strong>in</strong></span> <span class='ocrx_word' id='word_1_337' title='bbox 585 2493 632 2519; x_wconf 90' lang='lat' dir='ltr'><strong>re</strong></span> <span class='ocrx_word' id='word_1_338' title='bbox 668 2477 810 2534; x_wconf 90' lang='lat' dir='ltr'><strong>aliqua</strong></span> <span class='ocrx_word' id='word_1_339' title='bbox 843 2493 930 2519; x_wconf 78' lang='lat' dir='ltr'><strong>una</strong></span> <span class='ocrx_word' id='word_1_340' title='bbox 973 2480 1114 2533; x_wconf 84' lang='lat' dir='ltr'><strong>forma</strong></span> <span class='ocrx_word' id='word_1_341' title='bbox 1158 2492 1287 2533; x_wconf 88' lang='lat' dir='ltr'><strong>quum</strong></span> <span class='ocrx_word' id='word_1_342' title='bbox 1331 2478 1529 2520; x_wconf 85' lang='lat' dir='ltr'><strong>materiae</strong></span> <span class='ocrx_word' id='word_1_343' title='bbox 1577 2487 1664 2521; x_wconf 89' lang='lat' dir='ltr'><strong>tum</strong></span> <span class='ocrx_word' id='word_1_344' title='bbox 1702 2479 1879 2521; x_wconf 87' lang='lat' dir='ltr'><strong>caeteris</strong></span> <span class='ocrx_word' id='word_1_345' title='bbox 1915 2478 2086 2527; x_wconf 86' lang='lat' dir='ltr'><strong>formis,</strong></span> <span class='ocrx_word' id='word_1_346' title='bbox 2121 2493 2230 2535; x_wconf 88' lang='lat' dir='ltr'><strong>quae</strong></span> <span class='ocrx_word' id='word_1_347' title='bbox 2269 2479 2405 2521; x_wconf 90' lang='lat' dir='ltr'><strong>eidem</strong></span> <span class='ocrx_word' id='word_1_348' title='bbox 2435 2477 2755 2527; x_wconf 84' lang='lat' dir='ltr'><strong>immiscentur,</strong></span> 
     </span>
     <span class='ocr_line' id='line_1_29' title="bbox 286 2557 2757 2615; baseline 0.001 -17"><span class='ocrx_word' id='word_1_349' title='bbox 286 2557 343 2599; x_wconf 77' lang='lat' dir='ltr'><strong>ila</strong></span> <span class='ocrx_word' id='word_1_350' title='bbox 397 2558 585 2612; x_wconf 74' lang='lat' dir='ltr'><strong>imperet,</strong></span> <span class='ocrx_word' id='word_1_351' title='bbox 632 2567 674 2599; x_wconf 79' lang='grc' dir='ltr'><strong>αι</strong></span> <span class='ocrx_word' id='word_1_352' title='bbox 718 2558 818 2600; x_wconf 79' lang='lat' dir='ltr'><strong>haec</strong></span> <span class='ocrx_word' id='word_1_353' title='bbox 864 2572 949 2599; x_wconf 80' lang='lat' dir='ltr'><strong>una</strong></span> <span class='ocrx_word' id='word_1_354' title='bbox 992 2558 1130 2612; x_wconf 79' lang='lat' dir='ltr'><strong>forma</strong></span> <span class='ocrx_word' id='word_1_355' title='bbox 1174 2572 1296 2612; x_wconf 80' lang='lat' dir='ltr'><strong>quam</strong></span> <span class='ocrx_word' id='word_1_356' title='bbox 1347 2557 1525 2599; x_wconf 79' lang='lat' dir='ltr'><strong>maxime</strong></span> <span class='ocrx_word' id='word_1_357' title='bbox 1572 2559 1664 2614; x_wconf 84' lang='lat' dir='ltr'><strong>fieri</strong></span> <span class='ocrx_word' id='word_1_358' title='bbox 1694 2568 1824 2615; x_wconf 77' lang='lat' dir='ltr'><strong>potest</strong></span> <span class='ocrx_word' id='word_1_359' title='bbox 1856 2572 1971 2614; x_wconf 83' lang='lat' dir='ltr'><strong>pura</strong></span> <span class='ocrx_word' id='word_1_360' title='bbox 2010 2567 2228 2614; x_wconf 79' lang='lat' dir='ltr'><strong>appareat,</strong></span> <span class='ocrx_word' id='word_1_361' title='bbox 2281 2567 2459 2601; x_wconf 76' lang='lat' dir='ltr'><strong>caeterae</strong></span> <span class='ocrx_word' id='word_1_362' title='bbox 2492 2557 2757 2601; x_wconf 73' lang='lat' dir='ltr'><strong>accidentales</strong></span> 
     </span>
     <span class='ocr_line' id='line_1_30' title="bbox 283 2635 2753 2694; baseline 0 -17"><span class='ocrx_word' id='word_1_363' title='bbox 283 2639 443 2693; x_wconf 81' lang='lat' dir='ltr'><strong>formae</strong></span> <span class='ocrx_word' id='word_1_364' title='bbox 495 2647 630 2679; x_wconf 77' lang='lat' dir='ltr'><strong>autem</strong></span> <span class='ocrx_word' id='word_1_365' title='bbox 677 2637 773 2678; x_wconf 79' lang='lat' dir='ltr'><strong>huic</strong></span> <span class='ocrx_word' id='word_1_366' title='bbox 818 2637 876 2679; x_wconf 75' lang='lat' dir='ltr'><strong>ila</strong></span> <span class='ocrx_word' id='word_1_367' title='bbox 925 2635 1124 2692; x_wconf 78' lang='lat' dir='ltr'><strong>subjectae</strong></span> <span class='ocrx_word' id='word_1_368' title='bbox 1172 2636 1408 2683; x_wconf 75' lang='lat' dir='ltr'><strong>videamur,</strong></span> <span class='ocrx_word' id='word_1_369' title='bbox 1458 2647 1502 2679; x_wconf 78' lang='lat' dir='ltr'><strong>ut</strong></span> <span class='ocrx_word' id='word_1_370' title='bbox 1535 2638 1643 2680; x_wconf 81' lang='lat' dir='ltr'><strong>oculi</strong></span> <span class='ocrx_word' id='word_1_371' title='bbox 1674 2639 1717 2679; x_wconf 80' lang='lat' dir='ltr'><strong>in</strong></span> <span class='ocrx_word' id='word_1_372' title='bbox 1752 2639 1859 2680; x_wconf 79' lang='lat' dir='ltr'><strong>hanc</strong></span> <span class='ocrx_word' id='word_1_373' title='bbox 1898 2653 2026 2680; x_wconf 83' lang='lat' dir='ltr'><strong>unam</strong></span> <span class='ocrx_word' id='word_1_374' title='bbox 2061 2638 2323 2693; x_wconf 82' lang='lat' dir='ltr'><strong>imperantem</strong></span> <span class='ocrx_word' id='word_1_375' title='bbox 2359 2636 2480 2693; x_wconf 77' lang='lat' dir='ltr'><strong>quasi</strong></span> <span class='ocrx_word' id='word_1_376' title='bbox 2511 2637 2753 2694; x_wconf 76' lang='lat' dir='ltr'><strong>defiqantur.</strong></span> 
     </span>
     <span class='ocr_line' id='line_1_31' title="bbox 287 2715 2754 2775; baseline 0.001 -18"><span class='ocrx_word' id='word_1_377' title='bbox 287 2716 332 2757; x_wconf 90' lang='lat' dir='ltr'><strong>ld</strong></span> <span class='ocrx_word' id='word_1_378' title='bbox 366 2716 439 2758; x_wconf 90' lang='lat' dir='ltr'><strong>ubi</strong></span> <span class='ocrx_word' id='word_1_379' title='bbox 474 2716 544 2764; x_wconf 88' lang='lat' dir='ltr'><strong>fit,</strong></span> <span class='ocrx_word' id='word_1_380' title='bbox 582 2716 653 2758; x_wconf 91' lang='lat' dir='ltr'><strong>ubi</strong></span> <span class='ocrx_word' id='word_1_381' title='bbox 692 2731 775 2759; x_wconf 89' lang='lat' dir='ltr'><strong>una</strong></span> <span class='ocrx_word' id='word_1_382' title='bbox 808 2716 927 2765; x_wconf 91' lang='lat' dir='ltr'><strong>idea,</strong></span> <span class='ocrx_word' id='word_1_383' title='bbox 964 2717 1103 2759; x_wconf 85' lang='lat' dir='ltr'><strong>forma</strong></span> <span class='ocrx_word' id='word_1_384' title='bbox 1144 2716 1414 2772; x_wconf 88' lang='lat' dir='ltr'><strong>adspectabili</strong></span> <span class='ocrx_word' id='word_1_385' title='bbox 1449 2731 1541 2759; x_wconf 90' lang='lat' dir='ltr'><strong>sese</strong></span> <span class='ocrx_word' id='word_1_386' title='bbox 1575 2717 1853 2773; x_wconf 83' lang='lat' dir='ltr'><strong>patefaciens,</strong></span> <span class='ocrx_word' id='word_1_387' title='bbox 1886 2717 1944 2759; x_wconf 90' lang='lat' dir='ltr'><strong>ita</strong></span> <span class='ocrx_word' id='word_1_388' title='bbox 1978 2732 2085 2774; x_wconf 92' lang='lat' dir='ltr'><strong>pura</strong></span> <span class='ocrx_word' id='word_1_389' title='bbox 2118 2717 2399 2775; x_wconf 88' lang='lat' dir='ltr'><strong>conspicitur,</strong></span> <span class='ocrx_word' id='word_1_390' title='bbox 2434 2722 2482 2758; x_wconf 89' lang='lat' dir='ltr'><strong>ut</strong></span> <span class='ocrx_word' id='word_1_391' title='bbox 2512 2730 2580 2758; x_wconf 86' lang='lat' dir='ltr'><strong>res</strong></span> <span class='ocrx_word' id='word_1_392' title='bbox 2613 2715 2754 2775; x_wconf 87' lang='lat' dir='ltr'><strong>aliqua</strong></span> 
     </span>
     <span class='ocr_line' id='line_1_32' title="bbox 283 2795 1842 2853; baseline 0.002 -17"><span class='ocrx_word' id='word_1_393' title='bbox 283 2795 363 2837; x_wconf 87' lang='lat' dir='ltr'><strong>nisi</strong></span> <span class='ocrx_word' id='word_1_394' title='bbox 398 2796 504 2838; x_wconf 90' lang='lat' dir='ltr'><strong>hanc</strong></span> <span class='ocrx_word' id='word_1_395' title='bbox 539 2810 665 2838; x_wconf 91' lang='lat' dir='ltr'><strong>unam</strong></span> <span class='ocrx_word' id='word_1_396' title='bbox 700 2797 839 2839; x_wconf 85' lang='lat' dir='ltr'><strong>ideam</strong></span> <span class='ocrx_word' id='word_1_397' title='bbox 877 2796 1119 2853; x_wconf 86' lang='lat' dir='ltr'><strong>exprimere</strong></span> <span class='ocrx_word' id='word_1_398' title='bbox 1154 2796 1370 2845; x_wconf 81' lang='lat' dir='ltr'><strong>videatur,</strong></span> <span class='ocrx_word' id='word_1_399' title='bbox 1403 2797 1675 2853; x_wconf 88' lang='lat' dir='ltr'><strong>pulchritudo</strong></span> <span class='ocrx_word' id='word_1_400' title='bbox 1709 2798 1842 2841; x_wconf 90' lang='lat' dir='ltr'><strong>adest.</strong></span> 
     </span>
    </p>

    <p class='ocr_par' dir='ltr' id='par_1_10' title="bbox 283 2875 2753 3094">
     <span class='ocr_line' id='line_1_33' title="bbox 350 2875 2753 2935; baseline 0 -18"><span class='ocrx_word' id='word_1_401' title='bbox 350 2875 538 2919; x_wconf 87' lang='lat' dir='ltr'><strong>Primum</strong></span> <span class='ocrx_word' id='word_1_402' title='bbox 572 2875 702 2934; x_wconf 84' lang='lat' dir='ltr'><strong>igitur</strong></span> <span class='ocrx_word' id='word_1_403' title='bbox 735 2876 900 2934; x_wconf 91' lang='lat' dir='ltr'><strong>pulchri</strong></span> <span class='ocrx_word' id='word_1_404' title='bbox 935 2876 1135 2920; x_wconf 89' lang='lat' dir='ltr'><strong>indicium</strong></span> <span class='ocrx_word' id='word_1_405' title='bbox 1172 2876 1254 2918; x_wconf 89' lang='lat' dir='ltr'><strong>hoc</strong></span> <span class='ocrx_word' id='word_1_406' title='bbox 1287 2884 1371 2926; x_wconf 88' lang='lat' dir='ltr'><strong>est,</strong></span> <span class='ocrx_word' id='word_1_407' title='bbox 1403 2884 1448 2919; x_wconf 85' lang='lat' dir='ltr'><strong>ut</strong></span> <span class='ocrx_word' id='word_1_408' title='bbox 1482 2876 1523 2919; x_wconf 91' lang='lat' dir='ltr'><strong>in</strong></span> <span class='ocrx_word' id='word_1_409' title='bbox 1559 2876 1748 2935; x_wconf 89' lang='lat' dir='ltr'><strong>quolibet</strong></span> <span class='ocrx_word' id='word_1_410' title='bbox 1782 2877 2017 2926; x_wconf 89' lang='lat' dir='ltr'><strong>elemento,</strong></span> <span class='ocrx_word' id='word_1_411' title='bbox 2056 2877 2133 2920; x_wconf 91' lang='lat' dir='ltr'><strong>etsi</strong></span> <span class='ocrx_word' id='word_1_412' title='bbox 2166 2878 2329 2927; x_wconf 75' lang='lat' dir='ltr'><strong>formae</strong></span> <span class='ocrx_word' id='word_1_413' title='bbox 2362 2876 2637 2921; x_wconf 87' lang='lat' dir='ltr'><strong>accidentales</strong></span> <span class='ocrx_word' id='word_1_414' title='bbox 2670 2876 2753 2919; x_wconf 89' lang='lat' dir='ltr'><strong>sint</strong></span> 
     </span>
     <span class='ocr_line' id='line_1_34' title="bbox 283 2955 2752 3016; baseline 0.001 -17"><span class='ocrx_word' id='word_1_415' title='bbox 283 2955 466 3006; x_wconf 91' lang='lat' dir='ltr'><strong>multae,</strong></span> <span class='ocrx_word' id='word_1_416' title='bbox 518 2970 601 3000; x_wconf 91' lang='lat' dir='ltr'><strong>una</strong></span> <span class='ocrx_word' id='word_1_417' title='bbox 650 2963 788 3000; x_wconf 87' lang='lat' dir='ltr'><strong>tamen</strong></span> <span class='ocrx_word' id='word_1_418' title='bbox 836 2958 889 3000; x_wconf 91' lang='lat' dir='ltr'><strong>sit</strong></span> <span class='ocrx_word' id='word_1_419' title='bbox 935 2958 1073 3001; x_wconf 89' lang='lat' dir='ltr'><strong>forma</strong></span> <span class='ocrx_word' id='word_1_420' title='bbox 1120 2956 1403 3000; x_wconf 89' lang='lat' dir='ltr'><strong>substantialis</strong></span> <span class='ocrx_word' id='word_1_421' title='bbox 1447 2964 1574 3016; x_wconf 87' lang='lat' dir='ltr'><strong>atque</strong></span> <span class='ocrx_word' id='word_1_422' title='bbox 1608 2957 1860 3016; x_wconf 85' lang='lat' dir='ltr'><strong>praecipua,</strong></span> <span class='ocrx_word' id='word_1_423' title='bbox 1904 2964 2036 3016; x_wconf 90' lang='lat' dir='ltr'><strong>utque</strong></span> <span class='ocrx_word' id='word_1_424' title='bbox 2070 2972 2120 3003; x_wconf 90' lang='lat' dir='ltr'><strong>ea</strong></span> <span class='ocrx_word' id='word_1_425' title='bbox 2153 2957 2397 3002; x_wconf 89' lang='lat' dir='ltr'><strong>dominante</strong></span> <span class='ocrx_word' id='word_1_426' title='bbox 2428 2958 2565 3002; x_wconf 86' lang='lat' dir='ltr'><strong>forma</strong></span> <span class='ocrx_word' id='word_1_427' title='bbox 2597 2971 2666 3001; x_wconf 89' lang='lat' dir='ltr'><strong>res</strong></span> <span class='ocrx_word' id='word_1_428' title='bbox 2699 2956 2752 3001; x_wconf 88' lang='lat' dir='ltr'><strong>ad</strong></span> 
     </span>
     <span class='ocr_line' id='line_1_35' title="bbox 283 3023 2509 3094; baseline 0.001 -15"><span class='ocrx_word' id='word_1_429' title='bbox 283 3036 482 3080; x_wconf 70' lang='lat' dir='ltr'><strong>unitatem</strong></span> <span class='ocrx_word' id='word_1_430' title='bbox 514 3036 745 3094; x_wconf 87' lang='lat' dir='ltr'><strong>redigatur.</strong></span> <span class='ocrx_word' id='word_1_431' title='bbox 812 3038 874 3080; x_wconf 91' lang='lat' dir='ltr'><strong>De</strong></span> <span class='ocrx_word' id='word_1_432' title='bbox 909 3037 988 3081; x_wconf 89' lang='lat' dir='ltr'><strong>hac</strong></span> <span class='ocrx_word' id='word_1_433' title='bbox 1022 3037 1182 3081; x_wconf 88' lang='lat' dir='ltr'><strong>unitate</strong></span> <span class='ocrx_word' id='word_1_434' title='bbox 1217 3036 1276 3080; x_wconf 87' lang='lat' dir='ltr'><strong>ita</strong></span> <span class='ocrx_word' id='word_1_435' title='bbox 1309 3050 1439 3093; x_wconf 91' lang='lat' dir='ltr'><strong>porro</strong></span> <span class='ocrx_word' id='word_1_436' title='bbox 1473 3036 1667 3081; x_wconf 86' lang='lat' dir='ltr'><strong>disserit:</strong></span> <span class='ocrx_word' id='word_1_437' title='bbox 2507 3023 2509 3025; x_wconf 21' lang='grc' dir='ltr'>Ι</span> 
     </span>
    </p>

    <p class='ocr_par' dir='ltr' id='par_1_11' title="bbox 281 3116 2754 3335">
     <span class='ocr_line' id='line_1_36' title="bbox 345 3116 2754 3178; baseline 0 -20"><span class='ocrx_word' id='word_1_438' title='bbox 345 3116 486 3171; x_wconf 87' lang='lat' dir='ltr'><strong>„ldea</strong></span> <span class='ocrx_word' id='word_1_439' title='bbox 520 3117 671 3173; x_wconf 89' lang='lat' dir='ltr'><strong>igitur,</strong></span> <span class='ocrx_word' id='word_1_440' title='bbox 721 3131 852 3174; x_wconf 90' lang='lat' dir='ltr'><strong>quum</strong></span> <span class='ocrx_word' id='word_1_441' title='bbox 897 3117 1084 3167; x_wconf 77' lang='lat' dir='ltr'><strong>accedit,</strong></span> <span class='ocrx_word' id='word_1_442' title='bbox 1135 3117 1305 3161; x_wconf 89' lang='lat' dir='ltr'><strong>ordinat</strong></span> <span class='ocrx_word' id='word_1_443' title='bbox 1335 3124 1376 3159; x_wconf 88' lang='lat' dir='ltr'><strong>et</strong></span> <span class='ocrx_word' id='word_1_444' title='bbox 1419 3118 1458 3159; x_wconf 91' lang='lat' dir='ltr'><strong>in</strong></span> <span class='ocrx_word' id='word_1_445' title='bbox 1493 3132 1620 3161; x_wconf 92' lang='lat' dir='ltr'><strong>unam</strong></span> <span class='ocrx_word' id='word_1_446' title='bbox 1656 3120 1902 3163; x_wconf 89' lang='lat' dir='ltr'><strong>societatem</strong></span> <span class='ocrx_word' id='word_1_447' title='bbox 1938 3119 2156 3178; x_wconf 86' lang='lat' dir='ltr'><strong>conjungit</strong></span> <span class='ocrx_word' id='word_1_448' title='bbox 2187 3119 2252 3169; x_wconf 92' lang='lat' dir='ltr'><strong>id,</strong></span> <span class='ocrx_word' id='word_1_449' title='bbox 2292 3118 2409 3176; x_wconf 87' lang='lat' dir='ltr'><strong>quod</strong></span> <span class='ocrx_word' id='word_1_450' title='bbox 2441 3117 2754 3176; x_wconf 86' lang='lat' dir='ltr'><strong>compositione</strong></span> 
     </span>
     <span class='ocr_line' id='line_1_37' title="bbox 283 3195 2750 3256; baseline 0.002 -19"><span class='ocrx_word' id='word_1_451' title='bbox 283 3210 351 3251; x_wconf 87' lang='lat' dir='ltr'><strong>„e</strong></span> <span class='ocrx_word' id='word_1_452' title='bbox 387 3195 527 3238; x_wconf 89' lang='lat' dir='ltr'><strong>multis</strong></span> <span class='ocrx_word' id='word_1_453' title='bbox 563 3195 757 3253; x_wconf 88' lang='lat' dir='ltr'><strong>partibus</strong></span> <span class='ocrx_word' id='word_1_454' title='bbox 791 3211 920 3239; x_wconf 90' lang='lat' dir='ltr'><strong>unum</strong></span> <span class='ocrx_word' id='word_1_455' title='bbox 957 3205 1019 3240; x_wconf 91' lang='lat' dir='ltr'><strong>est</strong></span> <span class='ocrx_word' id='word_1_456' title='bbox 1052 3198 1267 3245; x_wconf 81' lang='lat' dir='ltr'><strong>futurum,</strong></span> <span class='ocrx_word' id='word_1_457' title='bbox 1317 3203 1443 3253; x_wconf 90' lang='lat' dir='ltr'><strong>atque</strong></span> <span class='ocrx_word' id='word_1_458' title='bbox 1476 3197 1568 3254; x_wconf 88' lang='lat' dir='ltr'><strong>ipsa</strong></span> <span class='ocrx_word' id='word_1_459' title='bbox 1607 3199 1890 3242; x_wconf 87' lang='lat' dir='ltr'><strong>consensione</strong></span> <span class='ocrx_word' id='word_1_460' title='bbox 1921 3197 1964 3241; x_wconf 93' lang='lat' dir='ltr'><strong>id</strong></span> <span class='ocrx_word' id='word_1_461' title='bbox 1998 3198 2166 3242; x_wconf 84' lang='lat' dir='ltr'><strong>conficit</strong></span> <span class='ocrx_word' id='word_1_462' title='bbox 2200 3211 2352 3241; x_wconf 87' lang='lat' dir='ltr'><strong>unum:</strong></span> <span class='ocrx_word' id='word_1_463' title='bbox 2401 3196 2750 3256; x_wconf 82' lang='lat' dir='ltr'><strong>quandoquidem</strong></span> 
     </span>
     <span class='ocr_line' id='line_1_38' title="bbox 281 3275 2750 3335; baseline 0.001 -20"><span class='ocrx_word' id='word_1_464' title='bbox 281 3307 310 3331; x_wconf 80' lang='lat'>„</span> <span class='ocrx_word' id='word_1_465' title='bbox 327 3280 368 3316; x_wconf 85' lang='lat' dir='ltr'><strong>et</strong></span> <span class='ocrx_word' id='word_1_466' title='bbox 400 3275 491 3331; x_wconf 90' lang='lat' dir='ltr'><strong>ipsa</strong></span> <span class='ocrx_word' id='word_1_467' title='bbox 527 3282 618 3318; x_wconf 90' lang='lat' dir='ltr'><strong>erat</strong></span> <span class='ocrx_word' id='word_1_468' title='bbox 652 3289 783 3319; x_wconf 89' lang='lat' dir='ltr'><strong>unum</strong></span> <span class='ocrx_word' id='word_1_469' title='bbox 799 3309 809 3326; x_wconf 94' lang='lat'><strong>,</strong></span> <span class='ocrx_word' id='word_1_470' title='bbox 845 3276 1031 3335; x_wconf 87' lang='lat' dir='ltr'><strong>ideoque</strong></span> <span class='ocrx_word' id='word_1_471' title='bbox 1054 3291 1186 3320; x_wconf 91' lang='lat' dir='ltr'><strong>unum</strong></span> <span class='ocrx_word' id='word_1_472' title='bbox 1210 3275 1401 3332; x_wconf 88' lang='lat' dir='ltr'><strong>oportuit</strong></span> <span class='ocrx_word' id='word_1_473' title='bbox 1422 3290 1513 3318; x_wconf 90' lang='lat' dir='ltr'><strong>esse</strong></span> <span class='ocrx_word' id='word_1_474' title='bbox 1535 3278 1762 3320; x_wconf 80' lang='lat' dir='ltr'><strong>formatum</strong></span> <span class='ocrx_word' id='word_1_475' title='bbox 1777 3310 1786 3327; x_wconf 92' lang='lat'><strong>,</strong></span> <span class='ocrx_word' id='word_1_476' title='bbox 1822 3284 2030 3335; x_wconf 86' lang='lat' dir='ltr'><strong>quatenus</strong></span> <span class='ocrx_word' id='word_1_477' title='bbox 2048 3310 2058 3329; x_wconf 94' lang='lat'><strong>,</strong></span> <span class='ocrx_word' id='word_1_478' title='bbox 2093 3277 2211 3335; x_wconf 87' lang='lat' dir='ltr'><strong>quod</strong></span> <span class='ocrx_word' id='word_1_479' title='bbox 2234 3290 2289 3319; x_wconf 87' lang='lat' dir='ltr'><strong>ex</strong></span> <span class='ocrx_word' id='word_1_480' title='bbox 2311 3276 2454 3320; x_wconf 89' lang='lat' dir='ltr'><strong>multis</strong></span> <span class='ocrx_word' id='word_1_481' title='bbox 2476 3277 2750 3334; x_wconf 84' lang='lat' dir='ltr'><strong>componitur</strong></span> 
     </span>
    </p>
   </div>
   <div class='ocr_carea' id='block_1_3' title="bbox 2031 0 3014 201">
    <p class='ocr_par' dir='ltr' id='par_1_12' title="bbox 2031 0 3014 201">
     <span class='ocr_line' id='line_1_39' title="bbox 2031 0 3014 201; baseline 0 3505"><span class='ocrx_word' id='word_1_482' title='bbox 2031 0 3014 201; x_wconf 95' lang='lat' dir='ltr'><strong> </strong></span> 
     </span>
    </p>
   </div>
  </div>
 </body>
</html>
