3014 3706
1503 210 1572 263 16

294 357 908 408 ouhnbusmdividuis
957 359 1521 419 naturaeffingeresolet.
1602 356 2355 417 Undeeffioeturnrtuffl
2353 354 2759 429 mm

292 439 472 492 huvita,
506 454 594 484 non
634 444 958 499 repraesentare
988 453 1081 490 res,
1124 439 1271 499 quales
1302 453 1454 485 revera
1484 438 1729 492 exsistant,
1758 437 1835 483 sed
1867 437 2030 497 quales
2046 437 2246 484 temate
2265 438 2475 488 umbe
2476 428 2761 500 aarum

295 520 450 566 doceat
480 534 554 565 eas
586 533 684 564 esse
715 519 924 578 potuisse.

358 603 414 645 At
442 614 531 644 non
563 599 769 644 habemus
800 599 1043 644 Aristotelis
1075 600 1209 657 ipsius
1243 600 1296 644 de
1328 599 1508 658 pulchro
1545 601 1821 650 sententiam;
1870 599 2133 659 conjicimus
2155 598 2311 648 modo,
2356 612 2453 643 eam
2483 597 2616 644 banc
2613 599 2756 645 fuis-e

293 680 351 725 ‘ex
382 680 456 730 iis,
488 693 603 738 quae
622 694 679 724 ex
699 679 896 724 universa
918 679 1009 738 ejus
1041 678 1370 737 philosophandi
1401 679 1567 724 ratione
1599 687 1642 724 et
1672 695 1697 724 e
1730 679 1990 739 praeceptis,
2027 692 2137 739 quae
2166 677 2210 723 in
2241 677 2352 723 libro
2384 677 2438 722 de
2468 684 2559 722 arte
2590 677 2760 736 poetica

295 760 448 812 tradit,
481 759 649 804 efficere
679 758 805 803 liceat
837 758 911 817 (t).

361 840 450 883 Nec
497 839 677 883 multum
729 845 920 882 nostrum
954 837 1178 882 consilium
1211 845 1397 897 spectat,
1448 851 1656 899 quaenam
1686 838 1813 881 fuerit
1844 839 2067 897 stagiritae
2100 839 2152 882 de
2185 837 2363 897 pulchro
2396 838 2626 888 sententia:
2653 837 2761 890 hoc

298 920 452 964 sufficit
484 934 582 963 eum
616 920 669 963 de
701 918 975 977 philosophia
1005 919 1222 977 Platonica
1253 919 1332 964 hac
1363 934 1411 963 re
1442 919 1649 977 imprimis
1682 919 1790 962 hene
1823 919 2021 963 meritum
2055 933 2170 971 esse.
2203 917 2320 977 quod
2352 919 2469 963 ideas
2503 933 2527 962 e
2559 918 2681 963 coelo
2713 917 2759 961 in

296 999 503 1044 mundum
537 998 868 1056 adspectabilem
901 999 1112 1043 deducere
1145 1005 1322 1044 conatus
1356 1000 1422 1044 sit.
1801 993 1807 1003 '

361 1079 507 1131 Quum
556 1084 698 1122 autem
743 1078 825 1122 hoc
865 1058 1022 1123 conatu
1052 1077 1246 1123 idearum
1279 1079 1523 1138 dignitatem
1555 1079 1614 1123 ita
1646 1079 1869 1129 minuerit,
1922 1085 1993 1130 ut,
2042 1086 2213 1124 aeterna
2243 1078 2579 1140 immutabilique
2610 1094 2758 1125 earum

298 1158 574 1211 exsistentia,
606 1165 826 1215 tamquam
858 1172 1002 1202 rerum
1033 1158 1162 1217 longe
1193 1158 1616 1217 perfectissimarum,
1655 1158 1844 1209 sublata,
1877 1157 2143 1204 substituerit
2172 1172 2311 1204 meras
2342 1157 2648 1204 abstractiones
2681 1159 2760 1205 de-

298 1245 461 1283 sumtas
511 1253 565 1282 ex
619 1238 698 1282 hac
745 1239 994 1295 imperfecta
1041 1253 1185 1283 rerum
1230 1245 1403 1289 natura,
1454 1237 1826 1288 Novi—Platonici,
1877 1238 1950 1296 qui
2000 1253 2136 1298 aeque
2185 1237 2374 1283 studiose
2419 1237 2660 1284 Aristotelis
2708 1255 2761 1284 ac

297 1319 488 1363 Platonis
522 1319 679 1374 scripta
711 1319 924 1375 legerant,
957 1317 1000 1360 id
1034 1318 1200 1362 efficere
1234 1318 1512 1367 studuerunt,
1544 1318 1660 1363 ideas
1694 1316 1932 1363 Platonicas
1965 1318 2202 1363 arctissimo
2224 1319 2417 1370 vinculo,
2451 1318 2569 1377 quod
2589 1320 2759 1365 Aristo-

298 1399 403 1442 teles
437 1398 664 1448 voluisset,
697 1412 794 1441 cum
827 1398 954 1442 rebus
995 1397 1261 1442 sensibilibus
1296 1399 1518 1457 conjungi,
1554 1406 1596 1443 et
1627 1400 1693 1442 vel
1726 1400 1786 1442 sic
1818 1406 1958 1444 tamen
1992 1398 2239 1456 dignitatem
2262 1414 2312 1443 ac
2332 1398 2515 1442 divinam
2536 1406 2758 1448 naturam,

298 1492 385 1538 qua
417 1478 539 1522 Plato
572 1491 643 1521 eas
678 1477 922 1528 extulisset,
955 1478 1006 1521 iis
1039 1477 1245 1523 vindicari
1277 1492 1417 1537 posse.

361 1560 465 1602 Huc>
505 1564 668 1616 spectat
716 1559 854 1602 omnis
904 1559 1061 1602 Plotini
1105 1558 1400 1617 philosophia,
1448 1548 1657 1617 principis*
1693 1559 1818 1618 hujus
1864 1559 2035 1604 scholae
2080 1559 2289 1604 antistitis.
2368 1560 2499 1619 Cujus
2532 1566 2673 1604 autem
2706 1560 2760 1603 de

298 1637 479 1695 pulchro
525 1639 732 1683 sententia
748 1671 759 1690 ,
804 1653 937 1696 quum
980 1639 1228 1697 neutiquam
1269 1637 1443 1698 intelligi
1487 1646 1639 1697 queat,
1684 1638 1766 1684 nisi
1811 1638 2008 1684 universa
2040 1639 2131 1699 ejus
2163 1638 2455 1699 philosophiae
2485 1639 2628 1685 indole
2658 1654 2761 1698 per-

300 1723 469 1775 specta,
520 1731 621 1775 age,
669 1715 986 1762 celeberrimam
1016 1717 1130 1762 illam
1164 1717 1425 1778 disciplinam
1459 1718 1512 1763 ad
1544 1733 1681 1776 pauca
1712 1717 1867 1776 placita
1897 1717 2090 1777 redigere
2122 1732 2349 1770 conemur,
2396 1718 2514 1778 quod
2543 1725 2684 1765 tamen
2715 1720 2761 1764 in

300 1804 384 1841 tam
419 1796 621 1855 implicita
653 1795 983 1854 philosophandi
1011 1798 1203 1849 ratione,
1237 1798 1404 1856 qualem
1427 1798 1751 1843 Neo-Platonici
1771 1798 2022 1849 habuerint,
2056 1797 2343 1843 difficillimum
2364 1812 2478 1849 esse,
2515 1813 2602 1857 quo
2625 1799 2760 1857 magis

300 1877 395 1935 quis
428 1876 642 1920 Plotinum
675 1877 816 1933 ipsum
851 1877 1122 1928 lectitaverit,
1156 1892 1210 1922 eo
1242 1879 1390 1923 melius
1423 1878 1662 1936 perspiciet.

366 1958 472 2000 Nam
518 1957 590 1999 vix
636 1965 700 2000 est
745 1958 888 2014 quod,
940 1956 1238 2014 disquisitione
1284 1960 1335 2002 de
1379 1959 1556 2015 pulchro
1602 1958 1847 2016 proposita,
1892 1959 2159 2003 attendamus
2205 1960 2257 2002 ad
2296 1959 2448 2016 placita
2488 1961 2759 2011 Stoicorum,

298 2037 635 2094 Epicureorum,
669 2037 1047 2088 Academicorum,
1081 2039 1393 2096 Scepticorum;
1427 2041 1585 2098 quippe
1620 2055 1805 2097 quorum
1838 2039 2008 2084 scholae
2043 2046 2158 2083 totae
2183 2038 2225 2083 in
2246 2039 2494 2098 quaestione
2516 2039 2568 2083 de
2590 2055 2758 2086 summo

298 2118 415 2160 bono
450 2133 525 2160 seu
559 2118 609 2160 de
643 2118 770 2160 rebus
804 2118 855 2160 ad
891 2133 1034 2160 mores
1068 2120 1350 2175 spectantibus
1386 2128 1644 2177 occupatae,
1688 2136 1835 2177 param
1871 2120 1960 2162 sive
1992 2120 2136 2176 potius
2169 2120 2326 2163 nullam
2359 2134 2533 2176 operam
2567 2120 2762 2164 dederint

300 2198 429 2240 rebus
463 2197 713 2239 aestheticis.
780 2199 872 2240 Imo
906 2197 1127 2254 pulchrum
1160 2200 1412 2257 investigare
1448 2201 1686 2243 maluerunt
1717 2201 1758 2242 in
1793 2199 1983 2243 moribus
2017 2199 2237 2242 hominum
2269 2214 2319 2242 ac
2348 2200 2526 2257 publicis
2558 2201 2759 2244 institutis

304 2291 433 2334 quam
480 2278 520 2318 in
566 2276 719 2326 rebus,
753 2292 863 2333 quae
897 2278 988 2320 visu
1024 2279 1252 2337 audituque
1285 2281 1598 2337 percipiuntur,
1632 2282 1750 2338 cujus
1783 2280 1986 2329 rationis,
2019 2294 2104 2338 qua
2136 2279 2357 2336 pulchrum
2389 2280 2629 2324 necessario
2663 2295 2759 2324 cum

301 2357 419 2399 bono
469 2357 776 2406 confundatur,
827 2371 960 2414 quum
1010 2359 1182 2415 vulgare
1220 2361 1478 2403 Graecorum
1512 2360 1715 2418 loquendi
1746 2374 1882 2418 genus
1914 2366 2005 2403 tum
2037 2359 2242 2417 imprimis
2275 2360 2533 2404 Socraticam
2565 2360 2761 2418 philoso—

300 2437 460 2494 phandi
493 2437 702 2480 rationem
736 2452 785 2480 ac
818 2438 1147 2494 praecipuorum
1182 2441 1271 2498 ejus
1305 2441 1610 2498 discipulorum
1644 2440 1941 2497 Xenophontis
1965 2446 2006 2483 et
2028 2440 2214 2483 Platonis
2237 2454 2382 2483 ansam
2405 2439 2594 2490 dedisse,
2627 2453 2759 2497 supra

303 2515 363 2575 (p.
403 2517 475 2570 12)
503 2518 593 2575 jam
628 2518 888 2561 monuimus.

364 2598 401 2642 A
449 2597 618 2642 Plotino
666 2597 728 2657 (2)
772 2597 903 2657 igitur
938 2614 1069 2657 quum
1101 2600 1206 2644 ideis
1242 2608 1328 2644 tum
1362 2602 1562 2646 materiae
1594 2616 1696 2645 suus
1729 2601 1898 2661 utrique
1931 2600 2139 2645 indicatur
2172 2601 2311 2650 locus.
2345 2615 2473 2659 quem
2507 2608 2687 2659 occupat
2717 2602 2764 2645 in

303 2678 504 2721 universo
537 2693 680 2721 rerum
725 2679 1006 2723 humanarum
1050 2695 1099 2723 ac
1142 2680 1389 2726 divinarum.
1455 2684 1510 2726 At
1543 2696 1754 2725 summum
1786 2680 2065 2739 principium,
2111 2696 2135 2725 e
2167 2696 2254 2741 quo
2288 2680 2430 2725 omnia
2460 2681 2664 2739 pendent,
2697 2689 2764 2726 est

306 2758 433 2807 deus,
467 2759 540 2816 qui
571 2759 797 2803 identidem
831 2765 874 2805 τὸ
907 2774 1039 2804 unum
1074 2768 1116 2803 et
1148 2761 1305 2804 bonum
1339 2763 1601 2821 appellatur,
1634 2763 1735 2820 quia
1768 2763 1933 2812 omnia,
1967 2777 2077 2821 quae
2109 2777 2164 2806 ex
2185 2777 2239 2806 eo
2262 2761 2482 2813 oriuntur,
2513 2762 2627 2807 bona
2647 2769 2761 2807 sunt.

305 2839 592 2896 Caeteroquin
623 2839 815 2883 Plotinus
850 2847 978 2898 negat
1012 2841 1137 2884 deum
1171 2841 1331 2885 huncce
1364 2843 1565 2901 cognosci
1599 2857 1750 2899 posse:
1783 2843 1944 2886 nullum
1982 2843 2033 2898 de
2065 2857 2118 2887 eo
2150 2841 2438 2900 praedicatum
2471 2843 2604 2893 valet,
2641 2844 2762 2902 cujus

354 2991 406 3034 (1)
432 2988 525 3024 Nam
559 2988 743 3035 pulchrum
777 3002 820 3024 ex
856 2989 1054 3025 Aristotelis
1093 2988 1265 3025 sententia
1304 3002 1373 3025 non
1412 2990 1583 3026 contineri
1629 2997 1673 3036 τῇ
1712 2994 1905 3037 συμμετρίᾳ
1942 2994 2068 3038 sponte
2106 2991 2219 3038 liquet
2256 2990 2496 3038 reputantibus
2533 2991 2623 3027 hanc
2655 2989 2765 3027 modo

304 3053 530 3092 adnumerari
555 3054 599 3091 iis
624 3054 718 3091 notis
742 3055 892 3102 (εἴδεσι),
918 3054 1048 3104 quibus
1075 3054 1263 3104 pulchrum
1290 3055 1479 3100 efficiatum
1505 3056 1549 3093 cf.
1575 3056 1677 3105 impr.
1704 3056 1825 3094 Creuz.
1852 3056 1898 3093 ad
1922 3055 2016 3094 Plot.
2041 3055 2086 3094 de
2111 3055 2252 3094 Pulchr.
2266 3086 2275 3101 ,
2301 3067 2336 3105 p.
2364 3056 2443 3094 147.

357 3122 409 3168 (2)
434 3121 514 3158 Scio
540 3121 705 3170 equidem
731 3122 921 3165 rationem,
947 3133 1017 3171 qua
1043 3120 1179 3157 Plotini
1204 3121 1334 3169 placita
1358 3122 1512 3166 tradam,
1540 3122 1720 3160 nonnullis
1745 3122 1832 3160 locis
1858 3122 1959 3159 valde
1985 3122 2186 3172 discrepare
2212 3134 2233 3159 a
2256 3121 2406 3166 ratione,
2444 3135 2551 3173 quam
2578 3122 2766 3174 scriptores

306 3187 351 3223 de
389 3187 535 3224 historia
572 3187 807 3237 philisophiae
840 3193 979 3224 secutos
1013 3200 1091 3225 esse
1125 3187 1280 3230 videam,
1318 3189 1435 3225 neseio
1468 3201 1574 3237 quam
1607 3189 1896 3238 philosophorum
1931 3189 2187 3226 Germanorum
2221 3200 2241 3224 e
2273 3189 2523 3226 recentioribus
2547 3175 2767 3239 temperans

307 3254 488 3301 cogitandi
514 3255 686 3290 rationem
712 3255 866 3302 antiquis
892 3255 963 3290 illis
989 3254 1211 3302 philosophis
1237 3253 1475 3291 obtrudentes.
