3014 3706
1438 159 1506 210 19

246 308 374 371 spatii
405 304 581 355 locuit.
657 304 858 351 Continet
902 304 1034 365 igitur
1084 304 1249 350 animus
1297 303 1445 349 eadem
1461 336 1473 355 ,
1515 319 1626 365 quae
1666 308 1771 353 νοῦς,
1819 312 1864 349 at
1895 319 2007 362 quae
2037 303 2107 349 bic
2137 304 2303 349 fueram
2332 304 2481 356 ideae,
2528 313 2705 351 naturae

244 388 490 450 perlectae,
534 383 690 446 quibus
705 417 720 436 ,
765 384 1095 445 imped’nentis-
1117 383 1323 441 temporis
1371 398 1421 429 ac
1463 383 1588 441 spatii
1618 383 1794 428 sublatis
1810 416 1823 434 ,
1874 384 1931 427 nil
1963 384 2110 428 deerat
2125 416 2137 432 .
2187 399 2385 444 quaeque
2416 386 2698 430 immutabiles

247 481 398 514 omnes
429 465 654 527 qualitates
684 479 889 524 generum
920 479 972 510 ac
1002 464 1240 523 specierum
1270 464 1396 509 simul
1428 463 1722 513 continebant,
1754 478 1901 507 earum
1932 463 2072 507 locum
2105 463 2190 508 illic
2222 473 2433 523 occupant
2464 466 2697 510 ratiocina-

249 549 390 594 tiones
421 544 557 606 (λόγοι,
584 544 799 606 λογισμοί),
830 544 1010 604 quibus,
1041 559 1176 604 aeque
1207 559 1258 589 ac
1286 545 1332 588 in
1362 544 1491 594 ideis,
1525 558 1674 587 verum
1705 542 1946 586 continetur
1978 544 2173 601 quidem,
2205 552 2249 588 at
2279 560 2365 589 uon
2400 548 2540 590 statim
2563 561 2698 606 appa-

248 637 316 675 ret
363 636 407 672 et
448 627 532 672 nisi
577 632 677 684 post
717 626 891 684 longam
935 624 1271 685 disquisitionem
1311 638 1439 683 aegre
1469 623 1639 668 tandem
1671 623 1851 667 inveniri
1884 631 2037 682 potest.
2117 625 2309 685 Suntque
2341 642 2396 669 ex
2431 628 2511 671 boc
2546 642 2703 686 genere

249 722 383 771 quum
414 706 581 752 animus
612 705 758 750 muncfi
789 720 840 750 ac
871 712 1037 756 terrae,
1082 713 1171 750 tum
1205 719 1378 765 quoque
1410 704 1535 749 animi
1570 703 1730 753 nostri,
1777 711 1818 746 et
1851 703 2041 747 omnium
2074 705 2373 755 animantium:
2420 721 2507 764 quo
2540 708 2608 755 fit.
2646 715 2695 752 ut

250 788 417 834 mimus
461 785 575 845 apud
616 785 833 830 Plotinum
880 786 991 829 idem
1035 787 1123 830 fere
1167 787 1221 830 sit
1264 800 1314 830 ac
1354 783 1569 834 δημιουργὸς
1613 783 1681 826 ille
1723 783 1979 827 Platonicus.
2043 784 2220 829 Animus
2252 786 2381 844 igitur
2413 786 2454 830 in
2493 788 2700 831 inlinitum

251 881 389 928 usque
425 865 652 910 essentiam
696 879 818 911 suam
857 864 1090 910 diffundens
1124 866 1249 910 efficit
1279 866 1520 909 innumeras
1552 863 1643 908 illas
1683 870 1855 909 naturas
1893 866 2095 922 temporis
2132 880 2181 910 ac
2221 867 2343 924 spatii
2381 868 2568 911 terminis
2607 868 2696 912 dis-

254 948 428 999 tinctas,
460 960 642 1005 quarum
675 952 717 991 et
748 945 829 1004 ipsi
859 960 959 1004 pars
992 959 1151 990 sumus.
1201 946 1416 990 Transfert
1454 944 1679 1003 qualitates
1712 944 1904 989 idearum
1937 946 1979 989 in
2014 947 2209 1004 regiones
2243 946 2482 998 inferiores,
2516 948 2587 992 sed
2610 964 2693 994 non

252 1026 433 1085 amplius
478 1039 607 1084 puras
649 1039 699 1069 ac
741 1025 953 1082 integras,
1003 1024 1076 1068 sed
1117 1026 1209 1083 ipsa
1253 1023 1327 1068 illa
1371 1022 1598 1067 diffusione
1643 1032 1864 1082 corruptas
1911 1039 1960 1068 ac
2005 1025 2162 1068 debiles
2195 1028 2338 1070 factas.
2403 1029 2489 1078 lta,
2535 1036 2580 1070 ut
2621 1029 2701 1072 hoc

252 1106 450 1166 exemplo
472 1113 587 1156 utar,
619 1105 662 1150 in
694 1105 908 1150 intellectu
940 1119 1014 1148 seu
1052 1105 1096 1156 νῷ
1129 1113 1219 1150 erat
1250 1105 1344 1149 idea
1378 1103 1566 1162 pulchri;
1600 1104 1704 1149 haec
1736 1112 1877 1149 autem
1911 1105 1963 1149 ab
1996 1107 2137 1150 animo
2170 1105 2230 1151 ita
2262 1115 2455 1165 tempore
2487 1116 2530 1151 et
2562 1110 2699 1166 spatio

253 1186 488 1237 divellitur,
536 1193 586 1230 ut
629 1199 716 1229 non
756 1184 937 1242 amplius
975 1198 1058 1228 una
1091 1192 1280 1235 maneat,
1330 1183 1405 1227 sed
1437 1183 1480 1226 in
1514 1184 1640 1227 variis
1677 1185 1826 1235 rebuS,
1872 1199 2049 1229 numero
2082 1186 2279 1237 infinitis,
2324 1187 2535 1231 interdum
2575 1189 2702 1245 longa

251 1266 457 1325 temporis
492 1265 765 1331 successione
794 1263 1024 1322 separatiS‚
1058 1271 1258 1322 appareat
1290 1262 1488 1322 quidem,
1521 1264 1599 1308 sed
1630 1264 1690 1309 ita
1722 1265 1951 1322 depravata
1981 1281 2031 1310 ac
2064 1265 2233 1316 vitiata,
2267 1273 2315 1309 ut
2346 1266 2556 1311 interdum
2591 1267 2701 1311 diffi-

253 1346 334 1391 cile
364 1346 419 1390 sit
452 1346 517 1390 vel
550 1345 727 1404 vestigia
757 1344 922 1403 pulchri
953 1359 1183 1403 agnoscere
1214 1345 1257 1388 in
1289 1343 1341 1387 iis
1376 1342 1526 1393 rebus,
1561 1344 1717 1403 quibus
1750 1345 1912 1402 pulchri
1945 1359 2099 1389 nomen
2132 1345 2370 1390 tribuimus·

314 1427 397 1471 Per
427 1440 554 1471 omne
585 1439 719 1484 genus
752 1424 1051 1476 animantium,
1082 1424 1125 1469 in
1159 1438 1244 1482 quo
1277 1424 1398 1468 ideae
1421 1423 1500 1467 sibi
1521 1424 1702 1468 induunt
1724 1425 1813 1468 illas
1836 1425 1973 1482 spatio
1996 1434 2038 1469 et
2061 1433 2251 1484 tempore
2274 1426 2493 1471 distractas
2516 1430 2699 1479 formas,

251 1522 362 1566 quae
389 1507 433 1551 in
463 1521 607 1550 rerum
641 1513 793 1550 natura
825 1505 949 1549 nobis
981 1505 1150 1555 obviam
1186 1506 1312 1552 fiunt,
1355 1504 1650 1548 descendimus
1685 1506 1853 1549 tandem
1886 1506 1937 1549 ad
1967 1514 2198 1550 extremam
2220 1516 2262 1550 et
2282 1508 2471 1551 ultimam
2494 1510 2699 1552 emanati-

252 1600 378 1631 onem
412 1601 467 1631 ex
500 1600 587 1630 uno
620 1585 710 1630 sive
744 1586 852 1636 deo,
887 1585 1083 1630 nimirum
1116 1585 1170 1630 ad
1201 1585 1431 1629 materiam.
1498 1584 1553 1628 Ut
1584 1591 1735 1629 natura
1769 1585 1835 1628 dei
1873 1585 2050 1629 describi
2078 1600 2162 1629 non
2186 1595 2377 1644 poterat,
2410 1588 2510 1647 quia
2542 1588 2697 1632 nullam

253 1679 401 1710 earum
433 1665 708 1724 qualitatum,
754 1679 936 1722 quarum
981 1678 1060 1712 nos
1105 1663 1321 1708 notionem
1370 1665 1689 1715 contraximus,
1734 1665 1773 1708 ei
1817 1665 2047 1709 attribuere
2078 1666 2245 1716 liceret,
2277 1667 2334 1710 ita
2367 1666 2519 1710 haecce
2551 1667 2699 1711 ultima

255 1760 429 1804 quoque
462 1745 652 1787 omnium
700 1744 1014 1787 emanatiouum
1057 1744 1216 1787 deliniri
1249 1744 1418 1801 nequit,
1467 1757 1554 1786 uon
1595 1745 1712 1802 quod
1745 1759 1873 1801 supra
1906 1752 2072 1802 captum
2108 1746 2336 1788 humanum
2369 1746 2445 1793 sit,
2491 1747 2565 1789 sed
2600 1746 2702 1804 quia

255 1825 452 1870 omnibus
498 1824 674 1869 omniuo
726 1824 998 1882 qualitatibus
1044 1831 1171 1868 caret.
1252 1825 1415 1867 Etenim
1455 1823 1588 1866 virtus
1622 1824 1776 1868 summi
1808 1823 2002 1882 principii
2034 1839 2110 1882 per
2142 1825 2258 1868 varia
2291 1826 2481 1875 effluvia,
2531 1825 2698 1882 longius

254 1905 508 1965 longiusque
557 1919 583 1949 a
639 1911 785 1948 centro
834 1911 1021 1956 remota,
1066 1905 1220 1949 sensim
1266 1903 1492 1948 efficaciam
1537 1918 1657 1948 suam
1704 1905 1909 1962 perdidit;
1968 1906 2009 1949 in
2061 1906 2143 1949 hoc
2193 1906 2352 1949 mundo
2405 1906 2700 1964 adspectabili,

256 1986 346 2030 sive
375 1986 419 2029 in
453 1985 627 2044 regione
659 1985 787 2029 animi
814 1986 904 2044 jam
935 1984 996 2030 ita
1028 1984 1207 2028 debilem
1241 1998 1333 2027 sese
1366 1983 1573 2032 ostendit,
1619 1991 1667 2028 ut
1698 1985 1770 2027 vix
1803 1985 1948 2034 ideae,
1981 1986 2135 2029 nedum
2171 1986 2331 2035 unitas,
2367 2001 2475 2044 quae
2511 1994 2574 2029 est
2606 1987 2700 2029 sons

256 2066 471 2116 omnium,
515 2066 689 2124 agnosci
736 2065 885 2123 possit.
950 2067 1026 2109 Est
1067 2066 1233 2109 tandem
1278 2064 1421 2122 regio,
1464 2064 1505 2106 in
1549 2078 1677 2123 quam
1722 2080 1775 2108 ne
1809 2065 1983 2123 vestigia
2026 2066 2196 2124 quidem
2242 2067 2309 2110 dei
2349 2074 2581 2124 penetrent.
2649 2067 2701 2109 Ut

256 2147 396 2192 lumen
420 2146 523 2191 solis
547 2153 684 2191 terrae
704 2146 901 2206 regiones
925 2146 1003 2190 sibi
1023 2146 1240 2205 proximas
1264 2145 1357 2188 luce
1379 2159 1427 2188 ac
1446 2144 1587 2189 calore
1610 2158 1691 2188 suo
1715 2145 1954 2203 perfundit,
1992 2154 2035 2190 at
2057 2154 2218 2190 tractus
2243 2147 2487 2206 longissime
2511 2155 2697 2190 remotos

256 2226 327 2271 vix
361 2226 541 2273 illustrat
571 2226 701 2287 inque
732 2226 784 2271 iis
819 2227 987 2272 tandem
1020 2241 1121 2285 prae
1153 2225 1309 2284 frigore
1340 2224 1501 2268 nullum
1533 2225 1776 2269 animalium
1802 2225 1869 2270 vel
1899 2226 2136 2284 plantarum
2158 2241 2292 2285 genus
2317 2228 2443 2272 vitam
2468 2234 2699 2278 sustentat,

259 2307 395 2351 donec
429 2307 583 2351 sensim
617 2307 855 2351 obscuritas
888 2307 1034 2351 ultima
1065 2305 1232 2350 luminis
1266 2304 1432 2348 effluvia
1467 2305 1648 2361 excipit,
1680 2306 1738 2349 ita
1766 2320 1941 2365 quoque
1981 2306 2101 2350 locus
2142 2316 2227 2356 est,
2262 2322 2348 2366 quo
2388 2308 2500 2351 nulla
2523 2308 2698 2351 omnino

257 2386 461 2446 qualitaS,
506 2387 667 2432 nullum
719 2387 944 2446 vestigium
987 2386 1176 2431 idearum
1222 2391 1426 2442 penetret.
1508 2385 1642 2429 Istaec
1679 2394 1741 2429 est
1791 2395 1942 2431 natura
1989 2389 2202 2432 materiae.
2270 2389 2313 2432 Si
2358 2389 2409 2431 de
2454 2404 2527 2438 ea,
2576 2390 2695 2446 cujus

256 2473 406 2511 natura
438 2468 568 2526 igitur
599 2468 724 2526 plane
755 2468 950 2525 negativa
986 2475 1073 2517 est,
1106 2466 1264 2524 aliquid
1293 2465 1493 2509 affirmari
1514 2464 1686 2516 liceret,
1719 2466 1901 2510 sortasse
1924 2466 2145 2511 dicendum
2172 2468 2273 2517 erit,
2308 2484 2422 2518 eam,
2456 2468 2695 2526 oppositam

256 2547 362 2596 deo,
395 2548 648 2606 principium
683 2563 732 2592 ac
763 2562 934 2592 causam
968 2562 1061 2592 esse
1094 2547 1217 2605 hujus
1252 2545 1366 2594 sitii,
1400 2559 1487 2604 quo
1522 2545 1642 2589 ideae
1675 2546 1962 2591 distrahantur
1993 2564 2042 2593 ac
2074 2549 2227 2592 sensim
2263 2549 2546 2592 efficacitatem
2576 2562 2695 2591 suam

255 2627 313 2671 ita
361 2628 576 2679 amittant,
624 2635 673 2671 ut
715 2641 840 2685 aegre
890 2628 1064 2685 agnosci
1113 2626 1297 2685 possint,
1350 2624 1507 2674 verbu,
1557 2641 1650 2668 eam
1702 2641 1794 2670 esse
1826 2629 2078 2684 principium
2110 2630 2378 2684 pluralitatis,
2428 2628 2536 2670 sicut
2569 2629 2695 2671 deum

254 2707 415 2750 fontem
456 2708 641 2752 unitatis.
709 2709 792 2751 Seu
825 2708 967 2765 potius
1001 2707 1247 2755 dicendum,
1296 2706 1353 2748 ita
1386 2703 1519 2746 videri
1561 2718 1711 2761 posse,
1749 2720 1802 2748 ex
1838 2706 2059 2755 omnibus,
2111 2706 2261 2764 quibus
2295 2707 2470 2750 materia
2502 2706 2695 2750 immixta

256 2784 334 2836 sit,
383 2786 584 2831 unitatem
629 2788 837 2845 effugere,
880 2801 977 2832 nam
1022 2801 1170 2830 revera
1211 2798 1342 2828 unum
1387 2790 1548 2827 tantum
1582 2783 1835 2841 principium
1871 2799 1987 2834 esse,
2038 2801 2060 2828 e
2093 2800 2179 2843 quo
2212 2787 2354 2830 omnia
2386 2787 2620 2844 pendeant,
2653 2795 2694 2830 et

255 2863 496 2917 materiam,
540 2867 700 2926 quippe
742 2867 785 2911 in
829 2866 984 2910 ultimis
1018 2865 1205 2909 terminis
1238 2863 1408 2908 luminis
1443 2862 1571 2906 divini
1605 2864 1813 2920 positam,
1864 2865 2018 2908 nullam
2054 2880 2227 2922 prorsus
2263 2866 2369 2916 vim,
2416 2882 2500 2924 qua
2538 2866 2695 2925 aliquid

256 2943 433 2998 efficiat,
464 2944 621 2992 habere
652 2962 793 3006 posse.

316 3024 559 3072 Animantia
589 3027 718 3087 igitur
751 3027 902 3086 partim
937 3027 979 3071 in
1014 3026 1187 3084 regione
1219 3024 1369 3074 animi,
1400 3023 1550 3081 partim
1584 3024 1626 3067 in
1658 3038 1707 3067 ea
1740 3024 1940 3069 materiae
1972 3026 2110 3083 posita
2145 3033 2254 3069 sunt.
2322 3027 2450 3078 Quod
2474 3029 2622 3071 attinet
2644 3028 2697 3071 ad

253 3105 449 3164 ipsorum
490 3120 701 3167 corpora,
748 3122 857 3168 quae
898 3107 1032 3152 nullas
1063 3104 1237 3150 omnino
1272 3103 1493 3162 qualitates
1533 3102 1735 3148 haberent
1768 3110 1809 3148 et
1842 3118 1944 3149 mox
1978 3105 2289 3157 dilaberentur,
2335 3106 2415 3151 nisi
2447 3107 2613 3152 animus
2647 3107 2698 3152 iis

256 3183 384 3229 vitam
419 3193 460 3230 et
491 3194 639 3235 motus
672 3188 932 3248 impertiret,
968 3187 1024 3237 ad
1056 3184 1272 3231 materiem
1308 3183 1527 3243 pertinent.
1591 3183 1767 3229 Animus
1804 3199 1929 3236 vero,
1965 3199 2093 3244 quum
2127 3200 2220 3231 sese
2253 3188 2463 3232 inmiscuit
2496 3189 2700 3233 materiae
