3014 3706
1480 206 1518 257 4

210 350 2267 415 Διωιιιιιιιωιωιιι-«ιωηςιιιιι,αιοιιιτιαι-ιιιωωιιιιοιιι,ανιιιιιμ
2296 398 2299 401 ι
2459 341 2486 364 “·

264 438 314 484 ’n
359 437 414 483 iis
455 438 600 483 locum
643 434 872 484 inveniant.
943 433 1057 479 Num
1099 432 1191 479 fleri
1231 432 1389 491 possit,
1437 428 2587 486 machumariam-nummus&
2618 401 2722 499 satis

265 516 396 566 faciat
437 513 1257 562 etumenboecomniamerevitac
1288 500 2372 573 usumspectantiaitapnlchratoruaoccdat,
2413 510 2722 584 utspcctanus

268 582 1933 654 uiinusinbancsolamdeligatur,deillisveronecogitetquidem?
1995 581 2720 646 Numintalidomoidenffl-

269 693 367 725 cere
398 677 556 736 possit,
588 674 707 736 quod
734 675 777 720 in
799 675 904 720 aede
925 688 1071 727 sacra,
1103 673 1148 717 in
1171 687 1258 733 qua
1278 675 1499 719 condenda
1519 674 1564 718 id
1586 674 1758 719 unicum
1780 683 1845 719 est
1866 673 2037 720 artificis
2059 674 2306 725 comitium.
2326 680 2377 719 ut
2396 674 2513 739 risus
2530 674 2719 739 iuqnde

269 764 496 803 moveatur
527 764 570 802 et
602 770 721 800 mens
754 771 780 799 a
811 754 938 798 rebus
971 754 1243 798 terrestribus
1276 755 1330 799 ad
1363 755 1567 799 coelestes
1600 756 1856 799 revocetur?
1911 754 2183 814 Quamquam
2202 754 2419 801 fatendum
2440 761 2506 800 est
2525 761 2569 799 et
2588 753 2719 799 bodie

195 855 204 863 ·
268 839 314 884 ιιι
365 837 577 898 ejusmodi
624 835 800 881 aedibus
849 834 1078 879 condendis
1120 834 1180 878 ita
1223 835 1381 879 attendi
1427 834 1481 878 ad
1528 834 1645 878 varia
1677 834 1788 878 vitae
1823 834 2071 885 commoda,
2113 840 2161 879 ιιι
2191 834 2408 880 auditores
2438 829 2560 880 facile
2590 832 2722 878 verba

273 916 589 962 concionatoris
637 916 897 966 auscultent,
947 920 995 958 ut
1026 913 1148 958 sedes
1182 928 1231 958 ac
1264 913 1462 957 subsellia
1494 920 1591 971 apte
1625 914 1846 965 distributa
1878 913 1984 964 sint,
2034 920 2084 958 ut
2114 913 2326 959 sufficiens
2356 914 2432 958 lux
2464 913 2726 965 effundatur,

270 1003 319 1042 ut
362 997 429 1040 vel
471 997 514 1040 in
557 996 622 1040 his
655 1009 783 1055 aegre
815 997 953 1039 forma
997 994 1238 1038 absolutum
1274 983 1497 1052 imperi‘um
1531 994 1573 1037 in
1608 993 1824 1038 materiam
1856 1000 2078 1052 reportare
2110 994 2258 1053 possit.
2323 993 2432 1047 Quis
2464 994 2517 1039 de
2548 994 2726 1055 pulchra

270 1078 411 1122 forma
451 1077 610 1136 cogitet
651 1076 695 1119 in
740 1074 957 1126 oratione,
1007 1089 1093 1133 qua
1135 1088 1174 1118 v.
1212 1089 1247 1117 c.
1294 1074 1434 1133 agitur
1477 1074 1529 1118 de
1572 1075 1733 1133 optima
1778 1074 1870 1133 agri
1915 1074 2177 1120 stercorandi
2221 1074 2414 1120 ratione?
2445 1099 2508 1107 —
2539 1076 2726 1122 Possunt

274 1157 442 1217 singula
485 1156 614 1200 verba
657 1161 700 1199 et
741 1155 973 1199 sententiae
1015 1155 1075 1199 ita
1120 1154 1325 1213 disposita
1375 1168 1492 1204 esse,
1542 1161 1588 1197 ut
1630 1154 1672 1198 in
1716 1153 1780 1197 bis
1823 1147 1881 1197 nil
1925 1153 2319 1212 reprehendendum
2351 1154 2425 1206 sit,
2475 1160 2618 1213 potest
2650 1170 2724 1201 ar-

272 1237 536 1297 gumentatio
585 1237 644 1280 ita
688 1242 786 1294 apte
818 1234 1072 1294 procedere,
1106 1241 1152 1279 ut
1191 1236 1304 1293 apud
1339 1234 1555 1279 auditores
1590 1234 1812 1293 persuasio
1847 1233 2071 1287 efficiatur,
2118 1241 2261 1293 potest
2293 1234 2500 1294 ejusmodi
2532 1235 2720 1282 orationi

272 1315 357 1361 boc
389 1331 517 1360 sensu
548 1315 769 1360 facundiae
802 1316 893 1359 laus
925 1313 1128 1364 adtribui,
1162 1314 1236 1357 sed
1270 1314 1445 1372 pulchra
1467 1329 1544 1357 nec
1567 1328 1660 1357 esse
1683 1320 1824 1372 potest
1845 1328 1948 1361 nec.
1985 1314 2021 1358 si
2040 1322 2213 1373 posset,
2247 1314 2372 1359 debet
2392 1315 2594 1377 fortasse,
2625 1330 2726 1361 nam

273 1396 491 1440 auditores
525 1410 610 1437 non
644 1394 852 1438 avocandi
887 1400 984 1436 sunt
1017 1410 1042 1437 a
1074 1393 1200 1436 rebus
1234 1393 1345 1436 vitae
1379 1393 1637 1444 communis,
1670 1394 1756 1436 imo
1790 1393 1923 1436 multo
1957 1394 2091 1453 magis
2124 1395 2179 1438 ad
2207 1409 2279 1439 eas
2301 1394 2541 1439 revocandi.
2606 1395 2723 1449 Quin

272 1475 451 1535 pulchra
482 1478 619 1519 forma
651 1491 971 1532 nonnumquam
1005 1473 1146 1517 oberit
1178 1481 1299 1530 aptae
1332 1473 1589 1530 expositioni
1622 1490 1790 1523 rerum,
1824 1475 1876 1518 de
1909 1475 2063 1534 quibus
2096 1476 2249 1531 agitur.

338 1559 393 1601 At
425 1557 547 1600 valde
580 1555 819 1599 mirandum
853 1554 1122 1597 doctissimos
1156 1554 1310 1597 Plotini
1342 1555 1620 1612 interpretes,
1654 1554 1910 1598 Creuzerum
1942 1553 2027 1616 (1),
2066 1555 2224 1608 lulium
2257 1556 2474 1600 Simonem
2506 1555 2595 1616 (2),
2638 1557 2729 1601 Va-

275 1638 497 1682 cherotum
545 1636 630 1696 (3),
680 1635 932 1680 Kircherum
983 1634 1068 1694 (4),
1116 1634 1461 1678 Bartholomeum
1512 1650 1537 1679 a
1580 1642 1726 1679 sancto
1770 1635 1931 1679 Hilario
1979 1635 2039 1696 (5)
2058 1668 2070 1689 ,
2121 1649 2207 1680 non
2250 1637 2352 1682 satis
2398 1636 2625 1681 attendisse
2674 1619 2729 1682 ad

277 1718 493 1777 egregiam
539 1718 631 1776 ejus
676 1717 728 1759 de
771 1715 948 1774 pulchro
982 1715 1257 1765 sententiam,
1299 1715 1503 1773 imprimis
1537 1716 1795 1759 Creuzerum
1828 1714 1948 1767 dico,
1990 1715 2064 1777 qui
2097 1722 2265 1761 sextum
2296 1717 2507 1762 Enneadis
2535 1706 2728 1775 primae,

275 1813 363 1858 quo
386 1799 438 1842 de
460 1796 771 1855 pulchritudine
794 1796 933 1853 agitur
954 1795 1129 1845 librum,
1163 1795 1388 1852 separatim
1412 1795 1603 1845 ediderit,
1632 1803 1673 1838 et
1695 1809 1791 1840 cum
1814 1794 1995 1841 aliorum
2017 1795 2371 1854 pbilosophorum
2393 1811 2448 1841 ex
2467 1797 2729 1857 antiquitate,

274 1878 416 1922 Procli
448 1877 654 1934 imprimis
688 1875 925 1926 sententiiS,
959 1874 1198 1918 contulerit.
1260 1876 1426 1919 Etenim
1460 1875 1653 1932 suspicor
1686 1876 1765 1918 hos
1789 1889 1936 1919 omnes
1958 1876 2208 1934 interpretes
2231 1877 2473 1936 eloquentia
2492 1876 2732 1922 Plotiniana

276 1957 343 2001 vel
389 1956 547 2000 invitos
596 1954 796 2012 abreptos
829 1954 958 1998 fuisse
991 1954 1034 1997 in
1069 1953 1181 1997 illam
1214 1953 1591 2011 pulchritudinem,
1637 1969 1764 2013 quam
1798 1955 1932 1998 solam
1965 1969 2113 1999 verum
2145 1956 2367 2014 pulchrum
2399 1958 2731 2017 Neoplatonicus

275 2035 515 2094 praedicat,
554 2035 774 2092 pulchrum
810 2049 895 2076 non
931 2033 1123 2076 sensibus
1157 2034 1353 2083 obvium,
1390 2034 1464 2076 sed
1501 2034 1690 2077 divinum
1725 2034 1825 2078 illud
1858 2035 2105 2096 pulcbrum,
2138 2052 2225 2096 quo
2257 2037 2299 2081 in
2324 2037 2512 2081 moribus
2534 2052 2584 2081 ac
2604 2037 2728 2082 insti-

279 2116 381 2160 tutis
429 2115 663 2174 conspicuo
710 2114 875 2158 animus
910 2115 963 2157 ad
999 2128 1067 2156 res
1102 2113 1263 2157 divinas
1298 2115 1642 2172 contemplandas
1677 2115 1892 2159 evehatur.
1955 2117 2016 2159 Ac
2048 2131 2195 2161 revera
2226 2117 2449 2176 pulchrum
2480 2118 2523 2162 in
2556 2117 2734 2163 materia

279 2210 528 2255 expressum
571 2196 629 2239 ita
674 2194 813 2238 obiter
860 2201 901 2238 et
950 2193 1211 2253 negligenter
1255 2196 1341 2238 fere
1384 2210 1407 2239 a
1441 2195 1697 2254 philosopho
1733 2195 1941 2254 tangitur,
1986 2203 2032 2240 ut
2064 2196 2198 2241 lector
2229 2197 2350 2242 facile
2384 2213 2435 2243 eo
2469 2199 2729 2251 adducatur,

278 2284 326 2321 ut
358 2277 400 2319 id
433 2291 569 2333 aeque
602 2276 722 2333 parvi
754 2275 908 2318 habeat
943 2290 993 2317 ac
1025 2281 1174 2318 auctor
1206 2275 1310 2332 ipse.

342 2358 397 2399 Et
430 2356 501 2399 vix
535 2356 655 2399 aliter
696 2355 785 2398 lieri
821 2361 988 2411 potest,
1034 2354 1136 2413 quin
1169 2355 1210 2397 in
1243 2354 1397 2398 Plotini
1431 2355 1597 2412 scriptis
1632 2355 1682 2398 ab
1718 2356 1960 2400 acutissimo
1995 2358 2121 2401 etiam
2153 2358 2312 2401 lectore
2345 2359 2500 2403 multae
2535 2360 2731 2417 egregiae

281 2435 513 2480 sententiae
558 2442 631 2479 aut
675 2441 995 2491 praetereantur
1039 2441 1111 2478 aut
1154 2449 1256 2478 mox
1298 2435 1340 2478 in
1375 2434 1631 2478 oblivionem
1666 2434 1830 2479 abeant.
1896 2437 2029 2480 Tanta
2062 2437 2172 2481 enim
2206 2445 2269 2482 est
2301 2439 2423 2495 copia
2455 2438 2736 2496 placitorum,

281 2530 333 2561 ea
376 2521 440 2560 est
488 2513 774 2565 concinnitaS,
820 2529 905 2574 qua
951 2513 1116 2573 singula
1159 2514 1451 2566 enuntientur,
1499 2522 1545 2559 ut
1579 2514 1740 2559 animus
1775 2514 1943 2560 lectoris
1979 2516 2030 2561 de
2063 2517 2144 2562 alia
2176 2519 2380 2564 sententia
2414 2518 2467 2564 ad
2499 2519 2624 2565 aliam
2658 2519 2736 2565 de-

283 2596 478 2639 trudatur
511 2603 552 2638 et
585 2595 637 2638 ad
671 2609 820 2638 omnes
855 2595 997 2639 animo
1032 2595 1269 2638 retinendas
1303 2603 1343 2638 et
1376 2595 1696 2653 perpendendas
1732 2597 1804 2639 vix
1839 2597 1956 2641 locus
1992 2598 2265 2657 relinquatur.
2331 2600 2429 2652 Quo
2462 2601 2549 2644 fere
2581 2607 2734 2645 neces-

281 2675 395 2719 sario
431 2674 605 2725 accidit,
640 2683 686 2718 ut
719 2691 790 2727 ea,
824 2690 934 2734 quae
968 2690 993 2719 a
1026 2674 1302 2732 philosopho,
1337 2677 1493 2734 quippe
1527 2676 1663 2720 minus
1696 2677 1939 2721 universum
1972 2680 2209 2736 argumenti
2242 2681 2464 2726 consilium
2486 2682 2735 2740 spectantia,

280 2769 384 2814 prae
418 2755 592 2799 caeteris
623 2755 768 2800 brevia
803 2755 1098 2806 enuntientur,
1133 2755 1399 2813 gravioribus
1433 2756 1593 2814 placitis
1627 2757 1790 2801 cedant.

334 2922 387 2970 (1)
413 2921 534 2969 Quum
547 2920 584 2956 in
598 2920 752 2957 editione
764 2919 975 2957 Enneadum
987 2919 1133 2964 Plotini,
1146 2924 1222 2957 tum
1236 2920 1274 2956 in
1286 2920 1416 2956 Plotini
1430 2921 1518 2957 libro
1532 2921 1576 2957 de
1593 2922 1751 2970 pulchro,
1765 2922 1955 2971 separatim
1972 2922 2065 2960 edito
2082 2923 2346 2974 Heidelbergae,
2356 2937 2448 2963 anno
2456 2924 2730 2964 MIOGOCXIV.

332 2990 386 3035 (2)
411 2988 571 3025 Histoire
596 2987 639 3023 de
664 2986 785 3024 l’ecole
812 2986 1074 3030 d'Alexandrie,
1101 2999 1165 3035 par
1188 2987 1288 3024 Jules
1312 2987 1445 3024 Simon.
1494 2988 1611 3033 Paris,
1639 2991 1743 3026 1845.
1795 2991 1816 3024 2
1842 2991 1911 3026 vol.

337 3055 391 3102 (8)
416 3053 574 3091 Histoire
600 3052 747 3101 critique
772 3052 817 3089 de
842 3052 963 3090 l’ecole
989 3052 1253 3098 d’Alexandrie,
1281 3066 1345 3103 par
1369 3053 1409 3090 Ε.
1434 3053 1616 3092 Vacherot.
1664 3054 1784 3101 Paris,
1813 3057 1915 3093 184⁶.
1965 3058 1988 3093 8
2015 3056 2081 3094 vol.

333 3120 388 3167 (4)
414 3119 482 3157 Die
508 3118 738 3169 Philosophia
763 3119 825 3156 des
849 3120 986 3165 Plotin,
1013 3132 1080 3156 von
1107 3120 1146 3157 C.
1170 3119 1217 3157 Η.
1242 3120 1401 3158 Kircher.
1451 3121 1574 3166 Halle,
1602 3124 1706 3160 1854.

335 3188 388 3234 (⁶)
414 3185 472 3224 De
504 3186 626 3225 Pecole
659 3186 917 3224 d’AJexandrie.
975 3187 1137 3236 Rapport
1170 3187 1191 3223 a
1222 3187 1422 3225 l’acadsmie
1456 3187 1518 3225 des
1552 3188 1705 3226 sciences
1739 3189 1890 3226 morales
1924 3193 1959 3226 et
1984 3190 2191 3238 politiques,
2226 3202 2289 3239 par
2313 3190 2344 3227 J.
2369 3190 2592 3239 Bartbelcmy
2615 3189 2732 3227 Saint-

286 3252 436 3290 Hilaire.
486 3253 733 3298 Paris‚'1845.
