3014 3706
1486 240 1558 293 22

344 382 578 434 Videamus
603 384 719 444 jam,
750 384 910 443 quibus
941 385 1203 444 mutatis
1233 384 1345 430 banc
1375 385 1476 431 satis
1506 384 1726 443 vulgarum
1757 382 1823 443 (Ι)
1856 382 1911 428 de
1941 381 2123 441 pulch-o
2150 383 2405 433 muntium
2434 385 2655 435 matun.

346 464 392 508 t·
455 495 487 523 „
508 463 592 508 Sed
634 462 750 523 apud
796 476 900 516 eos,
945 463 1020 523 qui
1063 464 1108 509 id
1155 464 1411 524 opinantur,
1457 463 1563 509 nibil
1605 463 1813 523 simplex,
1860 462 2002 508 solum
2043 475 2150 508 vero
2180 464 2468 524 compositum
2497 465 2741 512 amantio

282 573 314 601 „
334 542 418 591 erit
456 542 710 603 pulchrum,
753 549 797 587 et
837 549 983 608 „totum
1017 542 1207 603 (minime
1239 558 1345 589 vero
1376 544 1584 590 elementa
1598 576 1611 596 ,
1643 542 1800 603 quibus
1832 542 2015 602 constat)
2046 541 2270 601 pulchrum
2295 543 2395 588 erit.
2457 544 2605 591 Partes
2624 557 2741 592 ,veto

280 657 313 683 „
333 623 528 682 singulae
569 622 730 668 nullam
768 622 986 668 habebunt
1016 624 1236 683 propriam
1272 623 1629 683 pulchritudinem
1643 656 1656 675 ,
1702 624 1805 676 sed,
1838 624 1963 669 unice
1992 628 2202 684 quatenus
2232 620 2287 668 ad
2305 628 2458 674 tutum
2488 623 2738 676 conferunt,

281 735 313 761 „
333 702 513 763 pulchra
545 702 754 749 dicentur.
820 703 1027 756 Quamvis
1073 711 1298 761 oporteat,
1347 704 1384 749 si
1429 703 1652 763 pulchrum
1671 726 1673 728 ·
1692 711 1757 749 est
1787 710 1949 754 totum,
1999 709 2143 762 partes
2172 716 2345 762 quoque
2370 715 2472 757 *esse
2499 701 2737 752 formosam

281 814 313 840 „
332 795 422 828 nou
466 782 578 828 enim
612 797 668 828 ex
697 781 895 841 turpibus
928 788 1098 828 constat
1128 781 1379 841 pulchrum:
1423 789 1596 842 oportet
1625 783 1738 829 enim
1769 788 1913 842 partes
1946 795 2094 829 omnes
2125 779 2479 842 pulchritudinem
2512 780 2737 840 accepisse.

281 893 314 920 ,‚
335 860 518 909 Colores
549 862 726 921 insuper
757 861 947 921 pulchri,
991 862 1101 908 sicut
1134 869 1177 908 et
1208 863 1349 921 ipsum
1394 863 1497 909 solis
1529 864 1686 914 lumen,
1719 877 1852 921 quum
1884 862 2091 921 simplicia
2122 862 2230 912 sint,
2260 875 2400 921 neque
2432 875 2488 908 ex
2518 875 2738 910 commen-

280 976 311 1002 „
332 943 550 988 suratione
597 942 779 988 habeant
826 942 1208 1001 pulchritudinem,
1257 944 1371 1002 apud
1418 944 1515 988 illos
1559 943 1732 989 exclusa
1774 958 1800 988 a
1838 942 2151 1002 pulchritudine
2193 941 2497 1001 relinquentur.
2572 944 2734 989 Aurum

280 1056 309 1079 „
333 1037 510 1081 quoque
542 1037 733 1082 quonam
765 1029 893 1082 pacto
925 1021 1008 1067 iltis
1042 1022 1122 1067 erit
1153 1021 1375 1080 pulchrum
1391 1024 1414 1065 ἱ)
1480 1021 1818 1083 Coruscatioque
1850 1030 2084 1075 nocturna,
2117 1023 2389 1082 siderumque
2410 1021 2734 1082 spectaculum?

282 1134 313 1159 ‚‚
334 1100 538 1149 Similiter
584 1105 628 1149 in
671 1102 873 1155 vocibus,
923 1103 1041 1163 quod
1086 1102 1268 1162 simplex
1313 1102 1463 1155 suerit,
1512 1103 1555 1150 id
1601 1102 1682 1149 erit
1725 1117 1751 1149 a
1781 1102 2096 1163 pulchritudine
2126 1103 2333 1155 alienum:
2381 1101 2574 1162 quamvis
2606 1107 2734 1149 tonus

278 1215 309 1240 „
331 1181 510 1242 quilibet
541 1183 585 1229 iu
618 1182 684 1228 his
717 1182 937 1234 cantibus,
971 1183 1045 1241 qui
1078 1198 1134 1228 ex
1168 1189 1262 1228 toto
1295 1182 1460 1242 pulchri
1493 1191 1616 1235 sunt,
1650 1183 1704 1229 sit
1735 1182 1827 1242 ipse
1860 1182 2075 1242 pulcher.”
2451 1172 2455 1177 ⁴

344 1263 534 1310 Primum
584 1263 716 1323 igitur
763 1271 1062 1322 argumentum
1111 1279 1165 1308 ex
1215 1278 1267 1308 eo
1300 1264 1477 1321 petitum
1510 1271 1599 1316 est,
1637 1259 1767 1324 ‘quod
1813 1278 1904 1315 res,
1951 1263 1995 1309 in
2028 1262 2184 1325 quibus
2215 1263 2330 1309 nulla
2359 1262 2510 1309 relatio
2541 1263 2597 1310 ad
2626 1263 2731 1310 alias

279 1343 469 1395 obtinet,
519 1351 658 1388 tamen
703 1344 855 1388 merito
905 1343 1110 1401 pulchrae
1154 1344 1370 1395 dicantur,
1419 1343 1550 1389 veluti
1595 1358 1702 1388 unus
1740 1351 1867 1388 tonus
1905 1357 1994 1388 non
2032 1358 2129 1389 cum
2176 1343 2267 1389 aliis
2313 1342 2357 1387 in
2387 1342 2634 1388 harmoniae
2665 1344 2734 1388 vel

277 1424 489 1468 melodiae
520 1430 773 1467 concentum
800 1424 1003 1482 junctus,
1036 1438 1170 1467 unum
1204 1423 1482 1474 elementum,
1521 1439 1558 1467 e.
1584 1438 1653 1482 g.,
1687 1439 1865 1475 aurum,
1899 1425 2020 1483 cujus
2047 1423 2237 1483 singulae
2268 1431 2409 1482 partes
2441 1422 2552 1468 iuter
2583 1438 2630 1468 se
2661 1430 2736 1468 aut

277 1518 375 1548 cum
418 1511 512 1547 toto
555 1505 615 1548 ita
659 1483 815 1547 similes
861 1511 982 1554 sunt,
1030 1512 1079 1547 ut
1110 1519 1250 1564 neque
1282 1503 1324 1547 in
1357 1504 1421 1547 his
1456 1505 1719 1564 comparatio
1752 1504 1914 1549 institui
1947 1505 2109 1563 possit,
2156 1519 2373 1565 quaeque,
2417 1505 2531 1548 nulla
2563 1504 2736 1564 majoris

274 1582 507 1628 minorisve
553 1583 800 1642 quantitatis
845 1584 1010 1628 ratione
1060 1585 1227 1634 habita,
1278 1584 1468 1642 singulae
1517 1585 1719 1644 pulchrae
1769 1586 1866 1629 sint.
1928 1585 2098 1630 Addere
2136 1592 2304 1643 poterat
2334 1585 2491 1644 figuras
2523 1584 2733 1643 simplices

275 1664 619 1715 mathematicas,
654 1679 765 1723 quae
798 1664 899 1708 item
933 1680 1009 1722 per
1041 1680 1087 1709 se
1123 1665 1323 1724 pulchrae
1356 1673 1467 1710 sunt.
1530 1668 1586 1711 At
1618 1667 1835 1711 videamus
1862 1666 1950 1727 jam
1983 1665 2036 1710 de
2067 1666 2202 1711 altero
2235 1673 2516 1726 argumento:

340 1746 389 1788 2⁰
453 1778 481 1801 „
506 1745 689 1789 Proinde
735 1747 932 1805 quaud0,
978 1746 1127 1790 eadem
1173 1746 1453 1804 proportione
1486 1754 1706 1797 manente,
1748 1746 1876 1791 facies
1909 1746 2058 1790 eadem
2090 1746 2192 1791 alias
2225 1746 2395 1805 quidem
2427 1742 2603 1805 pulchra
2633 1746 2736 1791 alias

276 1840 432 1882 „vero
482 1840 570 1869 non
620 1825 797 1884 pulchra
847 1825 1039 1869 videtur:
1085 1841 1228 1870 nonne
1276 1826 1387 1870 aliud
1435 1826 1478 1869 in
1529 1842 1607 1877 eo,
1656 1827 1771 1886 quod
1812 1835 2201 1873 commensuratum
2243 1834 2329 1878 est,
2378 1826 2730 1885 pulchritudinem

273 1938 303 1962 „
327 1912 501 1963 oportet
545 1905 709 1955 dicere.
759 1907 1219 1951 commensurationem
1267 1921 1370 1950 vero
1420 1907 1557 1957 aliud,
1607 1907 1832 1965 ipsumque
1866 1915 2252 1952 commensuratum
2286 1913 2463 1965 propter
2492 1906 2605 1952 aliud
2637 1920 2731 1951 esse

275 2016 304 2040 „
323 1984 550 2043 pulchrum
565 1985 611 2028 ‘P'’

338 2065 393 2108 Et
439 2064 523 2108 hoc
567 2080 718 2109 verum
763 2081 856 2110 esse
889 2080 1017 2110 nemo
1049 2066 1206 2110 infitias
1238 2065 1339 2116 ibit,
1389 2065 1580 2124 cogitans
1616 2082 1711 2111 cum
1744 2067 1906 2124 optima
1936 2068 2218 2125 proportione
2252 2067 2372 2111 faciei
2404 2068 2587 2125 partium
2622 2067 2731 2111 inter

275 2158 322 2187 se
354 2152 398 2189 et
428 2145 481 2189 ad
515 2151 654 2189 totum
689 2146 877 2195 vultum,
919 2161 1015 2190 cum
1049 2146 1236 2190 maxima
1269 2146 1422 2190 coloris
1455 2147 1617 2204 gratia,
1653 2155 1789 2192 tamen
1823 2147 1865 2190 id
1898 2146 2048 2192 deesse
2080 2161 2231 2204 posse.
2265 2162 2352 2205 quo
2383 2146 2519 2204 figura
2550 2146 2733 2192 humana

322 2346 375 2392 (1)
401 2344 456 2382 De
494 2344 560 2382 hac
598 2344 738 2393 pulchri
776 2344 983 2382 definitione
1020 2345 1197 2384 uberrime
1234 2345 1393 2395 disputat
1430 2346 1622 2385 Creuzerus
1659 2347 1703 2384 ad
1736 2347 1790 2384 ed.
1822 2360 1923 2385 suam
1957 2347 2060 2394 hujus
2093 2347 2225 2384 Plotini
2256 2347 2301 2385 de
2333 2347 2594 2396 pulchritudine
2629 2348 2730 2393 libri,

273 2424 309 2460 p.
345 2413 414 2449 146
448 2424 544 2461 sqq„
580 2412 712 2449 doeens
745 2425 857 2461 quum
892 2411 1076 2449 Platonem
1110 2416 1187 2449 tum
1222 2413 1328 2450 etiam
1361 2413 1588 2451 Aristotelem
1621 2427 1742 2451 ansam
1768 2414 1850 2452 dare
1874 2414 2031 2463 potuisse
2055 2414 2139 2451 huic
2162 2414 2309 2463 placito,
2333 2415 2430 2464 quod
2453 2415 2614 2452 Plotinus
2636 2416 2731 2452 iuter

273 2477 441 2526 aequales
467 2490 551 2516 suos
577 2478 663 2516 satis
691 2478 834 2526 vulgare
861 2478 971 2516 fuisse
996 2478 1093 2516 dicit.
1142 2478 1256 2516 Addit
1281 2491 1388 2528 porro
1416 2480 1626 2518 sententiam
1650 2480 1829 2518 Plutarchi
1854 2480 1915 2527 (de
1939 2479 2137 2525 auditione,
2162 2492 2197 2529 p.
2220 2483 2267 2519 45
2292 2481 2349 2526 C.;
2376 2494 2411 2530 p.
2439 2480 2509 2520 171
2534 2480 2730 2530 Wyttenb.)

267 2543 341 2590 ’.Ως
364 2544 399 2583 ἒν
421 2545 502 2595 ’ἔργῳ
527 2546 565 2583 δὲ
591 2550 715 2588 παντὶ,
751 2549 793 2584 τὸ
818 2550 879 2592 μὲν
915 2548 1020 2584 namu
1052 2545 1093 2584 ἐκ
1127 2550 1265 2585 πολλῶν
1301 2545 1361 2585 οἷον
1395 2546 1548 2594 ἀριθμῶν
1571 2546 1616 2592 ε’ἷς
1640 2546 1698 2586 ἕνα
1725 2550 1833 2595 καιρὸν
1860 2548 2019 2592 ἡκόντων,
2058 2549 2125 2587 ὑπὶ
2150 2552 2358 2596 συμμετρίας
2383 2551 2471 2594 rme
2494 2551 2551 2587 καὶ
2575 2549 2726 2596 samia,-

267 2610 515 2650 ’morena-m:
541 2615 583 2650 τὶ
608 2613 637 2650 δ’
664 2614 806 2659 αἷσχρόν
830 2612 871 2660 ἐξ
896 2614 964 2657 ἑνὸς
989 2617 1055 2650 τοῦ
1076 2616 1246 2660 τυχόντος
1272 2612 1514 2659 'susinum-04,
1540 2615 1569 2657 »Τ
1594 2618 1767 2662 προς-ὄντος
1791 2617 1931 2660 ἀτόπως
1955 2615 2061 2660 εὐθὺς
2084 2616 2216 2662 ἑτοίμην
2238 2616 2315 2653 ἔχει
2333 2620 2396 2657 τῆν
2411 2619 2548 2662 γένεσιν.
2594 2616 2734 2653 Laudat

267 2682 449 2727 praeterea
490 2678 608 2715 locum
636 2679 783 2724 Galeni‚
821 2679 860 2716 in
886 2679 979 2717 libro
1005 2679 1050 2717 de
1076 2679 1250 2729 Hippocr.
1276 2684 1312 2716 et
1335 2681 1423 2718 Plat.
1450 2682 1565 2729 placit.
1591 2682 1651 2720 lib.
1676 2682 1726 2727 V,
1762 2682 1846 2732 Cap.
1873 2686 1914 2728 3,
1947 2696 1982 2732 p.
2010 2684 2078 2720 161
2103 2694 2175 2731 seq.
2200 2681 2255 2720 ed.
2282 2681 2445 2726 Charter‚
2470 2680 2531 2718 ubi
2554 2681 2730 2731 imprimis

267 2743 398 2781 mentio
431 2744 472 2780 fit
495 2745 634 2782 canonis
660 2745 850 2794 Polycleti,
885 2745 1021 2796 quippe
1046 2746 1109 2796 qui
1135 2746 1173 2783 in
1199 2757 1241 2783 eo
1267 2746 1357 2783 libro
1382 2751 1543 2786 accurate
1567 2748 1811 2799 descripsisset
1840 2749 2086 2799 proportiones
2109 2748 2201 2787 inter
2224 2748 2382 2798 singulas
2408 2747 2564 2798 corporis
2589 2751 2726 2798 partes,

267 2823 301 2849 v.
327 2823 356 2848 c.
384 2811 612 2861 „digitorum
648 2812 745 2849 inter
777 2825 815 2850 se
850 2818 886 2850 et
921 2825 1046 2851 eorum
1080 2814 1238 2850 omnium
1273 2814 1318 2850 ad
1347 2814 1498 2863 palmam
1528 2819 1563 2853 et
1591 2816 1794 2864 juncturam
1826 2828 1970 2861 manus,
2003 2819 2038 2854 et
2061 2816 2185 2854 harum
2208 2815 2254 2853 ad
2279 2814 2455 2860 cubitum,
2488 2818 2525 2852 et
2548 2815 2657 2853 cubiti
2683 2815 2730 2854 ad

268 2906 289 2922 ‚,
308 2877 509 2922 brachium,
535 2882 571 2915 et
605 2880 762 2915 omnium
798 2880 843 2916 ad
884 2880 1042 2924 omnia‚”
1074 2880 1204 2929 quibus
1239 2880 1335 2916 idem
1361 2880 1515 2918 Galenus
1540 2882 1685 2919 tandem
1710 2883 1829 2920 addit:
1880 2886 1922 2922 τὶ
1948 2888 2010 2931 μὲν
2031 2885 2071 2927 δὴ
2094 2888 2228 2929 κάλλος
2260 2885 2326 2922 τοῦ
2352 2882 2513 2928 enimv-oe
2535 2882 2570 2922 lv
2592 2887 2637 2931 τῇ
2660 2887 2731 2922 νῦν

268 2951 385 2992 maiis
411 2950 606 2994 συμμετρὶᾳ
643 2951 764 2984 κατὰ
800 2952 969 2990 πάντας
1007 2949 1183 2994 ἷατροῦς
1213 2952 1284 2985 καὶ
1316 2948 1600 2996 Φιλοσὸφους
1632 2949 1769 2987 ἐστίν.
1827 2951 1881 2986 Ex
1917 2950 2102 2999 postremis
2134 2950 2229 2987 hisce
2262 2950 2376 2986 verbis
2408 2949 2534 2986 merito
2560 2950 2726 2994 efficitur,

268 3011 360 3048 hauc
383 3011 562 3059 imprimis
590 3012 789 3048 Stoicorum
815 3013 925 3049 fuisse
952 3013 1184 3057 sententiam,
1210 3025 1299 3061 quos
1325 3018 1503 3062 tamquam
1527 3016 1751 3063 gravissimos
1776 3028 1861 3052 suae
1885 3016 2129 3064 philosophiae
2151 3016 2369 3053 adversario·
2394 3020 2430 3052 et
2454 3016 2487 3052 h.
2511 3017 2534 3053 1.
2559 3016 2725 3054 Plotinu-

264 3081 458 3125 oppugnet.
510 3077 590 3114 Nec
624 3077 802 3126 discrepat
830 3078 952 3116 Cicero
978 3079 1096 3127 (Tuae.
1122 3079 1193 3123 IV,
1233 3081 1292 3127 13)
1324 3084 1364 3116 ut
1389 3081 1596 3130 plerumque
1621 3082 1759 3118 Stoicos
1783 3094 1954 3131 sequens:
2004 3110 2026 3127 „
2044 3081 2092 3118 Et
2114 3087 2156 3118 ut
2179 3081 2338 3130 corporis
2362 3084 2415 3118 est
2440 3081 2615 3130 quaedam
2640 3084 2726 3131 apta

264 3172 286 3187 „
303 3143 417 3192 figura
448 3143 692 3181 membrorum
725 3156 805 3182 cum
844 3145 971 3183 coloris
1007 3146 1163 3195 quadam
1196 3146 1387 3190 suavitate,
1422 3160 1462 3184 ea
1498 3159 1588 3197 quae
1622 3147 1753 3185 dicitur
1778 3147 2023 3196 pulchritudo:
2055 3148 2169 3185 sicin
2192 3147 2328 3191 animo,
2362 3147 2471 3186 caet?
2520 3148 2608 3186 Post
2634 3160 2726 3198 quae

264 3209 469 3248 testimonia
492 3222 566 3249 nou
590 3222 684 3261 opus
710 3214 781 3256 est,
808 3215 848 3249 ut
875 3215 910 3250 et
928 3211 1090 3258 Stobaei,
1117 3211 1310 3251 Clementis
1328 3212 1442 3258 Alex„
1469 3213 1593 3252 Basilii
1609 3214 1746 3263 magni,
1774 3213 1938 3264 Gregorii
1952 3213 2122 3264 Nysaea„
2146 3213 2313 3259 Himerii,
2338 3214 2548 3263 Augustini,
2573 3214 2724 3254 aliorum

258 3276 365 3313 verba
390 3277 538 3314 citemus
563 3278 608 3314 ad
636 3277 951 3316 demonstrandum
978 3278 1162 3316 Plotinum
1187 3279 1254 3316 hoc
1278 3280 1356 3316 loco
1381 3280 1608 3330 impugnasse
1634 3281 1806 3330 placitum
1829 3291 1896 3318 suo
1920 3284 2081 3332 tempore
2104 3282 2191 3319 satia
2215 3281 2370 3330 vulgare.
