3014 3706
1504 134 1539 186 5

311 280 473 343 1uns
480 269 622 325 umen
652 279 931 339 supersedere
961 281 1083 345 potui
1115 257 1304 324 Platonis
1324 280 1378 323 de
1397 280 1575 338 pulchro
1596 281 1846 324 mantiam
1870 294 2096 329 enarrare,
2129 293 2261 339 quum
2280 278 2376 321 libri
2398 278 2744 337 Neoplatonico-

300 373 397 406 run
427 359 511 405 sint
537 358 655 418 vetut
685 360 975 428 commentarii
1004 360 1048 426 in
1078 359 1190 405 illius
1211 360 1386 418 scripta,
1417 374 1635 423 quumque
1655 361 1722 411 hi,
1755 375 1867 420 quae
1896 361 1964 404 ille
1986 360 2213 404 obscurius
2236 367 2309 403 aut
2330 357 2557 404 diffusius'
2543 372 2587 400 in
2612 357 2744 402 variis

302 438 481 518 dialogis
521 444 730 491 tractat,
745 438 789 482 iu
836 452 966 483 unum
1007 444 1193 498 systema
1222 438 1415 498 redigere
1447 446 1490 483 et
1519 439 1749 498 explanare
1781 440 1923 484 conati
1956 441 2062 490 sint,
2112 452 2191 483 nec
2225 439 2486 497 neglexerint
2517 444 2659 482 tamen
2691 451 2745 481 ea

301 505 414 565 n'ova
459 517 638 578 placita.
683 533 769 578 qua
803 517 1051 563 Aristoteles
1101 525 1144 563 et
1186 518 1318 564 Stoici
1362 518 1570 577 imprimis
1601 517 1911 577 philosophiam
1946 525 2173 563 auxerunt.
2252 520 2307 563 Et
2338 518 2466 578 paulo
2499 517 2741 564 accuratius

301 592 639 658 investigandum
675 611 770 641 esse
807 598 951 643 censui
994 597 1038 642 in
1084 599 1269 644 Platonis
1312 598 1559 643 sententiam
1604 599 1657 643 de
1688 599 1866 657 pulchro
1900 599 1942 642 in
1978 599 2106 643 rebus
2139 598 2402 643 sensibilibus
2415 631 2426 649 ‚
2473 612 2605 658 quum
2639 597 2743 642 mihi

301 677 467 724 viderer
507 676 588 724 hac
617 676 661 721 iu
693 692 741 721 re
770 677 958 723 nonnihil
989 677 1227 737 discrepare
1258 693 1283 723 a
1314 677 1620 723 recentioribus
1651 678 1777 737 hujus
1810 677 2052 736 philosophi
2084 678 2405 737 interpretibus,
2454 678 2570 736 quod
2603 691 2743 736 quan-

302 765 394 803 tum
426 757 481 801 sit
514 757 587 817 qui
619 758 858 816 perspicere
893 758 1004 810 vult,
1043 759 1079 802 is
1112 759 1235 803 adeat
1265 759 1616 807 recentissimum,
1649 765 1852 817 quantum
1886 758 2082 817 equidem
2116 759 2230 809 scio,
2264 758 2463 801 historiae
2496 758 2549 801 de
2572 756 2742 800 aesthe-

307 837 388 883 tica
423 837 673 895 scriptorem
709 837 1092 882 Zimmermannum
1129 837 1207 896 (1).

366 916 505 961 Omisi
543 924 694 961 autem
742 917 897 961 Plotini
947 917 1193 962 senteutiam
1242 932 1336 961 cum
1386 916 1670 961 recentiorum
1716 916 1879 974 placitis
1929 917 2145 966 conferre,
2208 932 2293 960 non
2344 917 2459 975 quod
2510 931 2601 959 eam
2653 915 2741 958 dis-

306 997 579 1057 quisitionem
627 1003 985 1063 supervacanea&
1028 998 1248 1049 haberem,
1297 999 1371 1041 sed
1417 999 1517 1057 quia
1561 997 1771 1056 ejusmodi
1824 997 2052 1055 disputatio
2098 999 2168 1040 vix
2214 1013 2301 1040 uno
2335 997 2549 1040 volumine
2585 998 2739 1039 nedum

304 1077 451 1136 paucis
483 1077 656 1141 pagellis
688 1077 894 1122 contineri
925 1084 1103 1137 poterat.

365 1156 550 1216 Adjunxi
586 1171 689 1202 vero
734 1157 831 1202 huic
877 1157 1014 1201 libello
1058 1158 1294 1202 versionem
1327 1158 1645 1202 Neerlandicam
1677 1157 1773 1202 libri
1807 1158 1863 1201 VI
1911 1159 2119 1202 Enneadis
2153 1159 2184 1201 1.
2250 1157 2394 1210 Quum
2427 1156 2538 1200 enim
2572 1156 2738 1214 saepius

306 1236 693 1281 animadvertissem
735 1237 948 1281 Plotinum
999 1238 1111 1295 apud
1162 1237 1277 1281 viros
1326 1238 1475 1281 doctos
1521 1238 1563 1281 in
1603 1237 1739 1294 patria
1784 1244 1929 1281 nostra
1971 1239 2058 1281 fere
2106 1238 2299 1295 ignotum
2332 1251 2450 1288 esse,
2496 1251 2580 1281 non
2614 1236 2739 1294 hujus

306 1297 560 1373 operae⁹me
592 1316 776 1366 taeduit,
820 1331 870 1360 ea
902 1331 977 1374 spe
1010 1318 1180 1367 ductus,
1229 1319 1320 1360 fore
1352 1325 1423 1367 ut,
1464 1318 1561 1360 licet
1593 1318 1766 1373 pauciS,
1799 1318 2076 1375 persuadeam
2111 1318 2266 1374 scripta
2299 1318 2534 1360 Plotiniana
2568 1316 2738 1359 minime

307 1395 619 1442 adnumeranda
661 1412 753 1441 esse
795 1397 846 1441 iis
880 1399 1160 1442 monumentis
1191 1397 1470 1456 antiquitatis,
1512 1398 1554 1441 in
1589 1398 1742 1456 quibus
1775 1399 1923 1456 genius
1957 1397 2024 1442 ille
2058 1398 2218 1441 Atticus
2252 1404 2367 1441 totus
2400 1398 2486 1441 fere
2517 1396 2739 1440 barbariae

307 1475 501 1519 sordibus
535 1491 584 1520 ac
618 1476 741 1534 nugis
774 1476 952 1521 obrutus
986 1478 1055 1522 vix
1089 1479 1259 1537 agnosci
1290 1486 1430 1537 queat.

297 1634 305 1640 ἱ
355 1659 408 1705 (1)
434 1657 640 1695 Geechichte
665 1658 728 1695 der
753 1658 935 1695 Acsthetik
959 1658 1010 1694 als
1035 1657 1329 1706 philosophischer
1352 1657 1616 1703 Wheeuschast,
1644 1671 1712 1695 von
1738 1659 1798 1696 Dr.
1826 1659 1960 1695 Robert
1985 1660 2252 1695 Zimmermann.
2302 1659 2419 1701 Wien,
2448 1660 2559 1694 1858.
