3014 3706
342 1246 623 1333 Quaerenti,
676 1287 762 1331 qua
822 1287 870 1315 re
932 1272 1135 1316 adductus
1149 1306 1161 1324 ,
1215 1280 1316 1331 post
1367 1280 1434 1316 tot
1486 1273 1658 1331 egregia
1712 1270 1869 1329 scripta
1924 1272 1976 1315 de
2028 1272 2156 1316 rebus
2203 1273 2464 1324 aesthetieis,
2517 1274 2726 1332 imprimis

278 1351 379 1398 inde
420 1368 447 1398 a
488 1351 658 1397 saeculo
700 1350 839 1396 xvm
881 1352 1021 1396 medio
1064 1368 1090 1397 a
1130 1353 1229 1398 viris
1263 1352 1400 1397 doctis
1430 1352 1476 1396 in
1505 1352 1644 1397 lucem
1677 1351 1798 1396 editis
1813 1385 1825 1404 ,
1877 1367 1989 1396 nunc
2021 1352 2242 1412 antiquum
2274 1353 2389 1397 illum
2422 1353 2638 1398 Plotinum
2673 1353 2725 1397 de

279 1432 459 1491 pulchro
503 1432 733 1491 docentem*
769 1432 882 1490 apud
924 1432 1039 1476 viros
1083 1433 1231 1476 doctos
1280 1440 1492 1476 nostrates
1535 1433 1827 1484 introducam,
1879 1447 2134 1491 responsum
2182 1440 2378 1491 paratum
2410 1434 2563 1478 habeo.
2645 1438 2725 1479 Est

281 1513 393 1558 enim
436 1512 593 1557 Plotini
632 1511 903 1570 philosophia
944 1526 1075 1571 quum
1118 1512 1293 1557 caeteris
1326 1513 1540 1570 partibus,
1585 1520 1675 1558 tum
1710 1514 1753 1557 in
1786 1513 2038 1572 exponenda
2068 1513 2233 1571 pulchri
2265 1520 2416 1557 natura
2449 1520 2537 1557 tam
2568 1528 2723 1572 praes-

279 1599 374 1638 tans
391 1625 404 1646 ,
451 1599 500 1637 ut
542 1606 630 1636 non
674 1591 850 1636 viderim
896 1591 976 1637 hac
1021 1593 1073 1637 de
1115 1609 1161 1638 re
1207 1609 1232 1638 a
1274 1592 1581 1638 recentioribus
1624 1594 1872 1638 sententiam
1905 1594 2113 1652 prolatam
2145 1608 2239 1638 esse
2257 1626 2269 1645 ,
2319 1608 2405 1652 qua
2436 1595 2632 1653 quaestio
2668 1597 2723 1640 ad

278 1672 498 1718 meliorem
528 1671 655 1717 finem
684 1672 940 1730 perducatur
971 1680 1013 1717 et
1033 1674 1193 1719 acutius
1230 1674 1463 1720 dirimatur.
1526 1676 1723 1719 Attamen
1757 1689 1835 1718 nec
1865 1674 1989 1731 pauci
2022 1674 2201 1718 eandem
2234 1674 2346 1718 viam
2359 1707 2371 1724 ‚
2419 1689 2547 1733 quam
2579 1674 2724 1732 philo-

280 1752 442 1811 sophus
474 1759 621 1798 noster
652 1758 821 1797 secutus
853 1759 940 1805 est,
972 1753 1149 1813 ingressi
1180 1760 1302 1805 sunt,
1334 1769 1413 1799 nec
1446 1753 1767 1806 dubitaverunt,
1800 1754 1901 1815 quin
1934 1754 2155 1813 pulchrum
2188 1754 2231 1798 in
2261 1756 2400 1813 sonna
2430 1755 2723 1814 quaerendum

279 1833 333 1877 sit
366 1831 444 1892 (1).
524 1835 580 1877 At
619 1846 707 1877 non
740 1831 958 1885 viderunt,
1002 1840 1043 1877 et
1072 1833 1114 1878 in
1145 1834 1209 1878 his
1241 1833 1578 1879 restrictionibus
1611 1834 1887 1894 praecipuum
1920 1835 2163 1893 philosophi
2195 1834 2491 1894 Neoplatonici
2523 1834 2725 1879 meritum

277 1913 467 1972 positum
499 1927 593 1957 esse
625 1912 832 1963 arbitror,
861 1928 1033 1957 necesse
1066 1928 1181 1965 esse,
1213 1922 1260 1958 ut
1291 1930 1378 1958 una
1408 1915 1540 1958 modo
1572 1916 1711 1959 forma
1744 1930 1876 1973 quum
1909 1914 2109 1959 materiae
2136 1922 2226 1958 tum
2249 1914 2455 1973 imprimis
2477 1914 2654 1959 caeteris
2676 1914 2722 1959 in

279 1993 427 2039 eadem
474 2009 522 2038 re
564 1994 882 2038 occurrentibus
924 1995 1070 2039 formis
1104 2009 1178 2038 seu
1209 1996 1313 2039 ideis
1346 1995 1548 2052 imperet,
1598 2010 1676 2039 nec
1707 1997 1888 2038 formam
1921 1995 2324 2052 praestantissimam
2357 2010 2406 2038 ac
2437 1995 2721 2052 gratissimam

278 2087 355 2132 per
386 2087 433 2117 se
466 2073 601 2117 solam
632 2072 804 2117 minime
837 2073 1049 2125 sufficere,
1084 2081 1131 2118 ut
1161 2074 1333 2132 pulchra
1365 2088 1432 2117 res
1465 2073 1560 2123 fiat,
1595 2081 1638 2119 at
1671 2074 1845 2118 omnino
1880 2073 2097 2118 materiem
2121 2088 2214 2117 eam
2237 2088 2330 2117 esse
2351 2080 2579 2132 oportere,
2612 2088 2723 2132 quae

279 2168 304 2198 a
335 2154 471 2197 forma
503 2152 667 2197 domari
698 2153 849 2211 possit.
911 2155 1008 2197 Non
1039 2154 1356 2213 qualiscumque
1388 2154 1585 2203 materia,
1619 2169 1659 2196 ν.
1695 2170 1732 2197 c.
1765 2169 1833 2197 res
1868 2154 1990 2197 unice
2023 2155 2076 2197 ad
2110 2153 2221 2197 vitae
2254 2154 2479 2197 commoda
2512 2162 2553 2196 et
2586 2168 2724 2211 prop-

278 2239 344 2276 ter
374 2247 500 2276 usum
533 2233 672 2290 ipsum
705 2234 838 2285 facta,
872 2249 923 2278 ea
954 2243 1042 2284 est,
1076 2249 1184 2291 quae
1218 2248 1262 2276 se
1294 2234 1410 2290 ita-a
1441 2234 1578 2275 forma
1606 2233 1803 2291 subjungi
1827 2234 1956 2282 sinat,
1989 2241 2035 2275 ut
2058 2234 2185 2275 animi
2207 2241 2493 2290 spectatorum
2516 2234 2582 2275 vel
2603 2233 2723 2275 inviti

279 2318 510 2356 avocentur
542 2326 568 2356 a
598 2313 796 2365 materia,
828 2327 851 2357 e
885 2328 970 2372 qua
1001 2327 1068 2357 res
1101 2313 1359 2370 composita,
1394 2318 1465 2355 aut
1487 2311 1539 2355 ab
1563 2326 1669 2363 usu,
1704 2312 1772 2355 cui
1793 2311 1993 2362 inservit,
2027 2312 2183 2363 verbo,
2218 2312 2270 2356 ab
2294 2312 2490 2356 omnibus
2515 2327 2624 2370 quae
2645 2311 2724 2355 hac

277 2393 415 2444 forma
447 2392 729 2438 continentur.
796 2393 927 2447 Quod
959 2409 1089 2454 quum
1121 2393 1376 2438 recentiores
1409 2398 1618 2450 perpetuo
1652 2393 1738 2436 fere
1769 2391 2056 2451 neglexerint,
2090 2392 2146 2436 nil
2180 2392 2334 2436 mirum
2369 2400 2433 2436 est
2466 2393 2657 2450 profecto
2680 2392 2722 2435 in

276 2471 485 2517 inlinitum
529 2487 664 2533 usque
709 2472 915 2532 disputari
957 2489 1085 2533 posse
1118 2475 1169 2518 de
1201 2473 1377 2531 pulchro
1413 2473 1455 2516 in
1489 2472 1698 2531 ejusmodi
1728 2473 1881 2524 rebus,
1927 2472 2080 2531 quibus
2115 2473 2358 2529 neutiquam
2392 2472 2531 2515 inesse
2563 2470 2721 2529 possit,

277 2552 373 2597 licet
405 2568 549 2598 earum
582 2561 722 2612 partes
755 2554 988 2599 exteriores
1021 2563 1106 2599 tam
1139 2554 1360 2599 artificiose
1394 2553 1608 2596 confectae
1644 2552 1744 2603 sint,
1794 2560 1841 2595 ut
1876 2553 2025 2595 eodem
2059 2552 2234 2596 artificio
2268 2552 2308 2594 in
2344 2552 2466 2595 aliam
2500 2550 2721 2595 materiam

278 2632 466 2677 adhibito
512 2642 663 2691 sponte
709 2634 863 2678 eximia
904 2633 1066 2692 pulchri
1111 2634 1269 2691 species
1303 2639 1559 2676 nasceretur.
1625 2631 1710 2674 Diu
1745 2631 2011 2687 multumque
2044 2630 2249 2688 disputari
2281 2638 2423 2688 potest
2455 2631 2507 2674 de
2540 2630 2719 2687 pulchro

276 2711 320 2755 in
352 2711 564 2764 aedilicio,
615 2713 732 2772 quod
763 2713 1012 2757 architectus
1046 2713 1098 2757 ad
1132 2713 1417 2757 amoeniorem
1450 2712 1560 2754 vitae
1594 2711 1754 2753 cultum
1786 2711 1843 2753 ita
1877 2712 2083 2753 instruere
2109 2711 2254 2769 jussus
2289 2718 2376 2760 est,
2421 2719 2469 2752 ut
2504 2710 2720 2753 conclavia

279 2793 361 2834 sint
393 2791 603 2849 spatiosa,
634 2793 770 2837 hieme
803 2802 850 2836 ut
881 2794 1012 2850 frigus
1046 2792 1164 2836 facile
1198 2792 1330 2834 arceri
1362 2792 1519 2847 possit,
1555 2798 1738 2840 aestate,
1772 2798 1819 2832 ut
1852 2805 1930 2832 nec
1963 2791 2064 2833 solis
2086 2791 2192 2833 radii
2215 2791 2337 2832 nimis
2360 2791 2402 2832 in
2427 2805 2477 2833 ea
2498 2796 2719 2846 penetrent

324 2975 376 3021 (1)
402 2973 495 3010 Satis
528 2977 651 3011 notum
685 2979 739 3011 est
772 2975 847 3011 viro
880 2974 1019 3023 egregio
1052 2974 1089 3009 in
1125 2973 1229 3009 rebus
1262 2972 1459 3009 aestheticis
1492 2970 1675 3018 Lessingio
1708 2969 1893 3017 pulchrum
1927 2969 1977 3005 ita
2009 2969 2045 3004 in
2079 2968 2202 3004 formis
2227 2969 2310 3004 solis
2335 2968 2490 3016 positum
2516 2969 2642 3012 filinae,
2680 2972 2721 3006 ut

276 3038 382 3075 etiam
406 3038 542 3074 doleret
564 3039 603 3075 in
626 3040 766 3088 pictura
789 3052 893 3076 usum
917 3039 1073 3076 colorum
1097 3038 1335 3075 introductum
1361 3050 1445 3074 esse.
1494 3036 1628 3073 Nullus
1651 3039 1769 3071 autem
1793 3034 1885 3070 inter
1910 3035 2120 3070 recentiores
2146 3038 2215 3078 est,
2254 3035 2316 3083 qui
2340 3034 2488 3082 propius
2514 3033 2560 3069 ad
2585 3034 2721 3071 Plotini

276 3104 471 3142 doctrinam
508 3106 650 3143 accedat
686 3119 793 3156 quam
824 3106 1014 3144 Schillerus
1051 3105 1185 3153 (Ueber
1221 3105 1278 3142 die
1318 3104 1523 3141 asthetisehe
1556 3102 1756 3149 Erxiehung
1788 3100 1849 3137 des
1884 3101 2088 3137 Mensehen.
2140 3101 2182 3137 In
2216 3101 2313 3137 einer
2338 3100 2449 3137 Reihe
2471 3111 2541 3136 von
2568 3100 2722 3138 Briefen.

277 3171 437 3221 Operum
461 3172 530 3210 vol.
554 3171 657 3221 XII).
716 3173 942 3224 Quamquam
966 3173 1050 3211 satis
1075 3173 1186 3222 liquet
1211 3184 1292 3210 eum
1317 3171 1493 3209 Plotium
1522 3182 1586 3208 nec
1611 3169 1736 3217 legisse
1760 3179 1825 3205 nee
1850 3167 1954 3215 hujus
1981 3168 2109 3217 placita
2135 3167 2282 3204 novisse.
