3014 3706
1465 129 1532 178 17

265 278 459 332 ouantia
488 275 543 324 ab
572 275 762 323 humano
790 275 1006 322 intellectu
1038 275 1127 321 non
1158 275 1321 335 percipi
1353 283 1505 334 queat;
1539 291 1641 327 nec,
1673 276 1837 321 etiamsi
1870 290 1955 322 nou
1988 289 2120 333 supra
2152 282 2323 334 captum
2359 275 2509 320 menes
2541 283 2714 321 nostrae

261 363 400 412 flet,
430 351 560 403 voees
587 377 593 382 -·
607 353 780 415 finguae
828 354 1038 401 humanae
1081 355 1321 400 snfficmnt
1349 355 1405 400 ad
1437 356 1528 415 ejus
1549 362 1743 400 naturam
1766 362 1810 399 et
1832 356 2056 415 qualitates
2077 354 2385 414 significandas.
2452 356 2568 399 Dens
2589 355 2720 415 igitur

268 425 444 500 ignotus
474 443 542 483 est
570 443 614 481 et
640 449 808 496 semper
838 436 930 482 erit.
982 436 1080 480 Hoc
1110 436 1233 480 unice
1266 436 1444 488 scimus,
1476 436 1621 481 omnia
1652 450 1707 479 ex
1739 450 1791 479 eo
1826 435 2031 493 originem
2065 436 2234 480 ducere.
2287 438 2365 487 Et,
2407 436 2527 496 quod
2564 437 2607 480 in
2629 444 2722 482 tota

264 520 354 566 luo·
380 515 708 580 philosophandi
734 516 901 562 ratione
933 515 1160 560 tenendum
1178 547 1190 566 ,
1223 515 1525 574 progeneratio
1558 528 1697 573 neque
1731 513 1844 572 apud
1877 514 2002 558 deum
2041 515 2181 572 ipsum
2210 529 2350 574 neque
2370 516 2485 573 apud
2505 523 2718 567 caeteras,

268 613 377 661 quas
403 597 604 655 deinceps
636 593 977 640 enumerabimus
1012 602 1210 646 naturas,
1243 601 1362 640 actus
1396 602 1654 653 spontaneus
1688 608 1765 637 seu
1800 593 2061 638 voluntarius
2094 601 2170 638 est.
2236 596 2351 638 Deus
2382 609 2549 654 semper
2575 595 2720 641 omnia

268 694 325 724 ex
356 692 451 723 sese
484 676 681 727 effundit,
730 675 805 720 sed
837 675 1008 719 minime
1040 682 1218 735 sponte,
1262 690 1384 727 nam,
1417 689 1549 735 quum
1582 674 1722 717 nullae
1755 674 1978 731 qualitates
2011 674 2049 717 ei
2081 674 2254 718 attribui
2287 675 2475 731 possint,
2507 691 2560 719 ne
2593 676 2722 720 babet

263 758 443 818 ,quidem
486 754 787 800 conscientiam
831 754 911 798 sui.
988 755 1190 799 Procreat
1236 755 1347 799 enim
1395 754 1483 797 fere
1530 754 1681 796 eodem
1725 754 1879 804 modo,
1930 768 2017 813 quo
2064 754 2128 796 sol
2173 754 2323 796 emittit
2362 755 2503 797 radios
2536 757 2718 798 luminis.

264 840 443 895 Semper
463 836 530 880 sol
550 836 664 880 lucet
684 843 727 880 et
746 841 880 879 totam
902 835 1124 893 sphaeram
1146 836 1373 880 coelestem
1396 835 1553 879 lumine
1577 849 1656 878 suo
1681 835 1889 892 complet,
1912 848 2051 892 neque
2074 849 2261 892 unquam
2284 835 2346 877 vis
2370 851 2445 886 ea,
2468 850 2551 893 qua
2575 836 2719 881 omnia

262 919 464 962 foventur
494 922 537 959 et
566 915 838 965 illustrantur,
872 915 1074 959 minuitur
1105 929 1179 959 seu
1213 914 1465 959 debilitatur.
1532 916 1593 958 lta
1616 922 1658 958 et
1680 915 1797 958 deus,
1851 915 2010 958 Totum
2032 915 2275 958 universum
2299 930 2462 965 rerum,
2502 923 2714 974 tamquam

240 998 424 1050 ,fluenta
453 994 646 1046 luminis,
679 1010 732 1039 ex
766 1000 939 1039 aeterno
973 1010 995 1038 e
1027 1002 1179 1040 natura
1212 1009 1288 1039 sua
1321 994 1459 1038 emisit
1493 1010 1540 1038 ac
1578 1009 1807 1054 numquam
1847 994 2037 1038 emittere
2078 994 2262 1045 desinet,
2305 1010 2391 1054 quo
2430 997 2543 1039 facto
2577 1004 2715 1040 tamen

262 1077 357 1134 ipse
387 1089 466 1119 uec
495 1074 695 1133 fatigatur
727 1088 804 1118 nec
836 1073 1097 1124 debilitatum
1131 1088 1228 1118 nam
1261 1073 1365 1118 baec
1398 1073 1547 1117 effusio
1581 1081 1644 1117 est
1675 1075 1800 1118 insita
1834 1075 1893 1118 vis
1928 1081 2102 1118 naturae
2137 1075 2252 1133 ejus,
2288 1082 2332 1118 ut
2365 1076 2427 1118 vis
2462 1075 2592 1133 igniS,
2628 1090 2712 1133 qua

262 1155 355 1199 sine
386 1154 564 1213 cogitari
596 1154 769 1212 nequit,
820 1160 883 1196 est
916 1153 1183 1198 calefaciendi
1215 1168 1263 1197 ac
1296 1153 1485 1202 lucendi;
1528 1152 1631 1211 quin
1663 1154 1698 1197 si
1731 1154 1833 1198 deus
1871 1154 2033 1197 desinat
2066 1153 2124 1198 ita
2156 1169 2308 1212 agere,
2342 1162 2488 1199 contra
2523 1162 2712 1199 naturam

263 1250 385 1281 suam
418 1234 456 1279 ei
488 1234 698 1292 agendum
732 1232 810 1283 sit,
843 1234 958 1292 quod
990 1249 1121 1292 quum
1154 1249 1204 1277 ea
1236 1239 1388 1277 natura
1420 1234 1605 1290 perfecta
1628 1248 1677 1277 ac
1697 1232 1966 1277 immutabilis
1990 1233 2068 1284 sit,
2102 1234 2192 1278 fieri
2217 1234 2332 1278 nullo
2355 1235 2486 1279 modo
2510 1244 2665 1293 potest.

322 1317 389 1360 En
443 1314 748 1359 celiberrimam
792 1314 902 1358 illam
934 1312 1319 1358 Alexandrinorum
1352 1312 1707 1370 philosophorum
1740 1313 1974 1356 doctrinam
2009 1314 2060 1356 de
2093 1315 2382 1364 emanatione,
2417 1330 2501 1373 qua
2535 1316 2714 1359 efficitur

232 1400 236 1404 ’
265 1398 309 1441 1⁰
343 1394 487 1440 omnia
519 1393 726 1455 originem
762 1408 882 1438 suam
916 1393 1069 1438 ducere
1102 1400 1143 1437 et
1174 1398 1384 1452 perpetuo
1417 1393 1596 1436 ductura
1619 1405 1711 1434 esse
1734 1407 1787 1435 cx
1809 1407 1894 1435 uno
1919 1407 2084 1436 summo
2108 1394 2341 1453 principio,
2376 1402 2417 1437 et
2438 1398 2485 1438 2⁰
2508 1397 2650 1439 omnia
2672 1397 2715 1439 in

259 1490 402 1521 rerum
435 1473 643 1521 universo
667 1489 755 1519 non
788 1475 925 1518 solum
959 1473 1194 1517 arctissimo
1228 1473 1398 1516 vinculo
1430 1473 1542 1516 inter
1576 1487 1620 1515 se
1643 1474 1888 1532 conjuncta,
1923 1487 2068 1517 verum
2093 1475 2234 1518 omnia
2257 1489 2349 1518 esse
2372 1490 2529 1525 unum,
2562 1491 2714 1535 nempe

262 1556 390 1601 deum
421 1554 584 1614 ipsum,
619 1555 766 1600 eadem
798 1552 987 1604 ratione,
1023 1568 1106 1612 qua
1140 1553 1214 1597 lux
1247 1567 1332 1598 una
1366 1553 1600 1611 eademque
1633 1553 1715 1597 dici
1747 1561 1957 1598 mereatur
1991 1569 2039 1598 ac
2062 1555 2151 1606 sol,
2185 1570 2207 1598 e
2230 1569 2317 1613 quo
2341 1556 2549 1614 originem
2574 1557 2714 1601 ducat.

321 1634 458 1679 Porro
491 1633 702 1679 emanatio
736 1633 818 1677 hoc
850 1632 927 1677 sibi
960 1633 1182 1691 proprium
1216 1632 1370 1683 babet,
1405 1639 1452 1676 ut
1484 1646 1571 1676 non
1606 1632 1708 1677 deus
1740 1634 1857 1691 ipse,
1892 1634 2004 1678 nulla
2035 1648 2080 1678 re
2103 1634 2376 1693 interposita,
2410 1635 2554 1681 omnia
2577 1651 2713 1695 aeque

260 1730 426 1760 summa
467 1731 517 1760 ac
546 1714 688 1759 infima
720 1721 928 1772 procreet.
1008 1714 1083 1757 Est
1114 1712 1216 1757 baec
1250 1712 1362 1756 enim
1396 1713 1489 1764 lex,
1523 1713 1591 1757 cui
1625 1728 1772 1757 omnes
1806 1720 1980 1758 naturae
2015 1714 2227 1773 subjectae
2262 1722 2381 1765 sunt,
2417 1723 2461 1759 ut
2495 1716 2607 1760 nulla
2641 1731 2708 1760 res

260 1794 392 1845 adsit,
442 1794 543 1852 quin
592 1801 634 1838 et
681 1795 774 1852 ipsa
814 1809 892 1851 pro
927 1793 1086 1837 viribus
1122 1793 1207 1837 suis
1242 1793 1518 1837 emanationis
1553 1793 1777 1851 participet
1810 1801 1851 1838 et
1884 1794 1985 1838 alias
2020 1802 2191 1839 naturas
2226 1794 2290 1838 sui
2327 1794 2584 1846 simillimas,
2635 1796 2711 1840 sed

259 1890 428 1932 semper
459 1874 670 1918 inferioris
705 1874 915 1931 dignitatis
940 1879 1157 1930 compotes
1180 1872 1421 1929 profundat.
1486 1873 1553 1916 Fit
1577 1875 1789 1918 emanatio
1814 1881 2057 1918 constanter
2081 1890 2156 1931 per
2178 1875 2333 1932 gradus
2353 1910 2363 1926 ‚
2399 1891 2580 1933 quorum
2606 1877 2710 1920 alter

258 1956 430 2001 alterius
478 1970 606 1999 causa
654 1962 729 1998 est.
809 1955 954 2012 Itaque
1003 1953 1131 2004 deuS,
1182 1953 1372 2011 quamvis
1420 1952 1610 1997 omnium
1654 1969 1796 1997 rerum
1831 1964 1980 1998 auctor
2014 1964 2053 1998 et
2086 1963 2226 2013 pater,
2261 1954 2361 1999 nihil
2395 1972 2417 1999 e
2452 1966 2598 2001 natura
2635 1973 2711 2002 sua

258 2035 499 2079 immediate
532 2034 751 2093 profundit
784 2036 862 2077 nisi
896 2036 1077 2077 unitates.
1144 2033 1265 2084 Quae
1298 2034 1443 2092 quales
1479 2033 1587 2083 sint,
1622 2049 1758 2092 aeque
1795 2036 1930 2077 minus
1965 2036 2125 2092 percipi
2160 2042 2302 2092 potest
2335 2053 2383 2079 ac
2415 2046 2564 2080 natura
2588 2038 2712 2081 unius

259 2129 334 2158 seu
372 2115 438 2158 dei
469 2115 616 2173 ipsius.
681 2118 874 2157 Attamen
909 2114 1068 2171 primus
1102 2111 1216 2154 hicce
1248 2111 1405 2168 gradus
1440 2112 1708 2156 effluviorum
1746 2129 1767 2156 e
1793 2114 1872 2156 deo
1897 2114 1939 2156 in
1964 2123 2195 2172 systemate
2221 2115 2365 2158 deesse
2390 2118 2550 2173 nequit.
2607 2118 2707 2174 Ejus

259 2196 371 2238 enim
405 2209 487 2253 ope
509 2192 954 2237 solvitur‘difficillima
975 2194 1078 2235 haec
1103 2192 1317 2249 quaesti0‚
1352 2193 1596 2248 quomodo,
1629 2208 1761 2251 quum
1785 2194 1826 2235 id
1843 2226 1853 2243 ,
1887 2194 2003 2252 quod
2026 2195 2077 2236 ab
2101 2195 2243 2252 aliqua
2267 2204 2417 2238 natura
2439 2205 2702 2252 procreatur,

258 2276 349 2333 ejus
383 2289 510 2334 quam
544 2274 775 2320 simillima,
808 2275 901 2316 licet
937 2273 1065 2331 paulo
1098 2271 1328 2320 infirmior,
1363 2285 1454 2312 esse
1477 2272 1654 2322 debeat,
1690 2288 1712 2314 e
1736 2281 1886 2316 natura
1911 2273 2075 2324 divina,
2110 2289 2218 2333 quae
2242 2283 2307 2316 est
2329 2290 2436 2325 una,
2471 2277 2555 2318 imo
2581 2290 2712 2318 unum

260 2354 424 2412 ipsum,
458 2354 640 2398 derivari
673 2354 809 2412 possit
842 2354 958 2397 hicce
990 2352 1196 2401 munduS,
1229 2351 1270 2393 in
1304 2364 1389 2408 quo
1423 2365 1553 2394 unum
1582 2353 1653 2395 vix
1674 2353 1891 2404 invenias,
1927 2355 2000 2397 sed
2024 2356 2166 2398 omnia
2189 2370 2243 2398 ex
2266 2356 2494 2399 innumeris
2517 2357 2704 2413 partibus

259 2435 520 2493 composita,
569 2449 800 2493 numquam
835 2434 913 2478 sibi
945 2431 1200 2481 constantia,
1239 2445 1339 2474 mox
1384 2430 1463 2473 alia
1512 2432 1708 2476 videntur
1754 2449 1802 2478 ac
1846 2434 1965 2477 brevi
2005 2442 2101 2479 ante
2135 2442 2266 2479 erant.
2332 2437 2407 2479 Est
2440 2436 2569 2493 igitur
2602 2436 2704 2479 haec

260 2513 530 2559 immutabilis
565 2515 659 2566 lex,
704 2521 750 2558 ut
783 2513 835 2559 ab
873 2529 959 2558 uno
992 2513 1049 2557 nil
1083 2511 1178 2557 duci
1211 2510 1346 2568 possit
1377 2509 1458 2553 nisi
1493 2512 1607 2570 quod
1644 2519 1684 2556 et
1717 2513 1856 2571 ipsum
1893 2514 1945 2558 sit
1977 2530 2121 2559 unum.
2189 2514 2298 2558 Nihil
2332 2523 2470 2558 autem
2504 2515 2705 2573 impedit,

259 2594 489 2652 quominus
537 2610 668 2639 unum
720 2596 840 2653 plura
886 2595 929 2638 in
973 2595 1107 2638 lucem
1154 2592 1272 2642 edat,
1322 2591 1451 2633 modo
1487 2599 1528 2634 et
1561 2592 1665 2635 haec
1697 2608 1783 2636 non
1818 2595 1923 2637 alius
1958 2604 2131 2639 naturae
2165 2595 2246 2637 sint
2279 2610 2327 2638 ac
2360 2596 2537 2652 genitor.
2604 2595 2704 2646 Quo

259 2681 425 2727 tamen,
475 2675 606 2720 nihilo
656 2676 756 2719 novi
800 2675 944 2719 addito
994 2681 1169 2718 naturae
1214 2671 1400 2720 divinae,
1453 2672 1518 2715 via
1552 2674 1763 2729 aperitur,
1815 2689 1899 2732 qua
1933 2675 2181 2732 multiplices
2216 2682 2256 2717 et
2289 2676 2526 2733 variegatae
2560 2691 2702 2719 rerum

255 2753 419 2798 formae
471 2755 522 2799 ab
568 2756 662 2813 ipsa
695 2755 960 2804 deriventur;
1006 2767 1103 2796 nam
1136 2751 1177 2794 in
1211 2748 1438 2793 unitatibus
1473 2752 1550 2795 illis
1587 2752 1790 2796 habemus
1825 2762 2018 2805 naturas,
2070 2770 2177 2813 quae
2209 2770 2357 2799 revera
2390 2763 2488 2799 sunt
2522 2771 2630 2799 unae
2664 2762 2709 2800 at

255 2833 428 2878 eaedem
463 2842 603 2879 tamen
635 2834 901 2893 multiplices.

316 2916 383 2957 Ex
415 2916 645 2960 unitatibus
680 2916 766 2966 his,
799 2916 952 2974 quibus
986 2929 1116 2957 unum
1150 2913 1307 2956 bonum
1343 2912 1430 2956 sive
1464 2913 1565 2955 deus
1600 2913 1722 2968 quasi
1757 2914 2068 2970 multiplicatur,
2103 2915 2237 2957 oritur
2270 2930 2381 2959 nova
2415 2917 2570 2972 proles.
2626 2919 2701 2961 Est

255 2995 349 3045 hic,
382 2996 455 3054 qui
488 3010 513 3039 a
545 2995 809 3055 pbilosophis
844 2994 1016 3039 Graecis
1050 2994 1201 3037 dicitur
1225 2997 1326 3044 νοῦς,
1362 3003 1401 3036 et
1425 3000 1488 3037 est
1508 3007 1657 3036 revera
1679 2993 1799 3049 regio
1823 3008 1898 3037 seu
1922 2996 2032 3037 Iocus
2053 2995 2251 3038 idearum.
2317 2997 2407 3039 Lex
2429 2997 2700 3041 immutabilis

253 3075 570 3125 emanatiouum
604 3077 772 3127 docuit,
807 3082 1033 3134 oportere,
1069 3082 1114 3118 ut
1139 3081 1386 3132 generatum
1408 3073 1540 3117 simile
1563 3075 1616 3116 sit
1638 3073 1826 3123 auctori,
1861 3074 1956 3118 licet
1979 3073 2155 3118 debilius
2179 3090 2227 3118 ac
2250 3076 2377 3133 paulo
2403 3077 2539 3120 minus
2565 3077 2704 3136 digni-

254 3158 354 3197 tate.
417 3155 510 3198 Erit
542 3155 671 3214 igitur
704 3163 782 3205 νοῦς
816 3156 1044 3199 consimilis
1080 3154 1333 3204 unitatibus,
1367 3162 1407 3197 at
1441 3154 1567 3212 paulo
1601 3151 1733 3209 magis
1767 3153 2010 3212 inquinatus
2046 3169 2097 3197 eo
2135 3154 2266 3207 vitio,
2300 3171 2388 3214 quo
2412 3160 2597 3202 unitates
2616 3160 2705 3217 jam

2497 3242 2523 3281 3
