3014 3706
1526 264 1594 315 14

315 423 403 471 qua
443 422 576 454 unum
619 406 863 453 absolutum
906 421 983 453 seu
1019 407 1124 454 deus
1156 409 1249 469 ipse
1279 422 1492 454 summum
1529 408 1595 454 sui
1626 423 1816 456 amorem
1848 409 2006 456 excitet
2036 399 2314 471 et'sdspoetu
2345 402 2518 459 formae.
2540 425 2645 460 suae
2672 424 2778 479 per-

316 490 454 534 fectae
495 502 576 532 nos
619 495 765 533 sancta
795 500 1049 547 summaque
1080 488 1301 548 voluptate
1330 489 1570 548 perfundat.
1633 489 1741 535 Hinc
1771 490 1840 542 fit,
1873 497 1923 535 ut
1950 490 2114 535 formae
2144 489 2347 549 pulchrae
2375 497 2624 546 muas,
2663 484 2777 540 imus

317 567 484 628 pulchri
517 566 708 613 caelestis
745 566 975 625 imagines,
1010 580 1202 614 amorem
1240 575 1442 615 moveant
1456 602 1468 621 ,
1502 568 1642 615 visum
1662 568 1963 630 auditumque,
2000 581 2181 622 sensus,
2209 554 2365 630 quibus
2406 569 2517 615 inter
2554 562 2776 619 facultates

317 649 447 695 animi
487 646 709 707 phantasia
750 646 902 698 alitur,
948 647 1169 707 voluptate
1182 681 1194 700 ,
1237 657 1361 708 grato
1403 649 1682 710 jucundoque
1728 664 1856 696 sensu
1901 649 2097 697 afficiant.
2170 649 2227 695 Et
2258 637 2556 709 quod'attinet
2584 650 2640 697 ‘ad
2672 646 2778 698 arti-

316 730 438 775 ficem
451 763 463 780 ‚
505 728 740 788 pictorem,
771 728 1020 773 statuarium
1034 760 1047 780 ,
1081 727 1357 774 architectum
1371 763 1382 780 ,
1417 737 1459 775 et
1489 730 1644 776 horum
1657 763 1670 781 ,
1702 730 1812 775 sicut
1843 730 2009 790 pulchri
2039 729 2198 790 ipsius,
2232 729 2389 789 duplex
2418 743 2552 790 genus
2575 738 2663 782 est,
2694 746 2777 791 pro

317 811 382 854 uti
422 809 625 869 operibus
668 808 771 854 artis
819 823 920 852 suae
970 808 1171 868 effingunt
1211 808 1328 854 ideas
1361 825 1529 860 rerum,
1580 826 1725 854 verum
1761 811 2027 872 coelesteque
2060 810 2284 870 pulchrum
2315 808 2466 855 animis
2496 809 2688 870 ipsorum
2720 827 2777 856 ex

322 889 586 933 antecedenti
617 888 704 932 vita
735 887 959 931 inhaerens
973 920 985 938 ,
1018 894 1091 931 aut
1113 888 1385 933 solummodo
1409 904 1478 933 res
1501 897 1747 941 terrestres.
1781 890 1979 949 vulgares
1992 924 2004 942 ,
2039 890 2262 936 mutabiles
2283 897 2380 935 ante
2401 891 2550 935 oculos
2568 891 2751 937 habeant
2765 926 2777 942 .

320 982 477 1028 easque
510 976 601 1012 arte
634 982 710 1012 sua
741 981 870 1027 quam
903 967 1217 1012 accuratissime
1249 968 1404 1012 imitari
1437 977 1658 1014 conentur.
1728 970 1944 1014 Artificem
1974 970 2102 1031 hujus
2135 970 2300 1030 pulchri
2330 971 2374 1014 in
2406 970 2566 1015 mundo
2598 971 2778 1031 adspec-

317 1047 436 1093 tabili
467 1047 725 1092 imitatorem
760 1047 893 1105 tangit
925 1047 1200 1105 reprehensio
1213 1081 1224 1099 ,
1264 1063 1349 1106 qua
1383 1049 1505 1093 Plato
1537 1050 1581 1093 in
1611 1049 1727 1093 libris
1761 1050 1813 1094 de
1846 1050 1952 1108 Rep.
1985 1050 2199 1095 invehitur
2220 1050 2264 1095 in
2287 1050 2424 1095 varias
2447 1056 2559 1095 artes
2573 1083 2585 1102 ‚
2618 1051 2777 1096 docens

317 1127 363 1173 id
395 1141 491 1172 esse
532 1141 712 1185 scopum
745 1126 919 1185 pictoris
954 1133 996 1170 et
1018 1126 1233 1177 statuarii,
1267 1135 1313 1171 ut
1334 1128 1534 1185 praebeat
1555 1128 1702 1172 falsam
1725 1142 1963 1188 vanamque
1986 1128 2173 1187 speciem
2195 1143 2338 1173 rerum
2360 1129 2414 1174 ad
2436 1129 2585 1174 oculos
2608 1137 2777 1188 specta-

316 1208 424 1251 toris
467 1207 672 1251 fallendos
717 1213 758 1250 et
791 1206 1037 1264 captandos.
1103 1206 1246 1258 Tunc,
1287 1207 1321 1250 si
1354 1214 1464 1251 artes
1496 1207 1688 1251 liberales
1721 1207 1780 1252 ita
1812 1214 2089 1259 exercentur,
2122 1208 2265 1267 poesis
2298 1215 2341 1252 et
2372 1207 2534 1253 musica
2566 1202 2778 1268 occupant

316 1286 507 1330 infimum
553 1286 756 1343 gradum,
800 1284 959 1343 quippe
1004 1299 1115 1342 quae
1158 1301 1212 1329 ne
1254 1286 1457 1330 mundum
1499 1285 1825 1345 adspectabilem
1874 1287 2069 1345 quidem,
2116 1288 2191 1332 sed
2236 1301 2362 1346 saepe
2404 1288 2528 1332 falsas
2559 1289 2651 1333 illas
2684 1290 2777 1349 ejus

318 1366 524 1425 imagines
558 1367 782 1411 decantare
815 1372 858 1409 et
891 1364 1070 1408 vocibus
1103 1373 1421 1423 repraesentare
1454 1367 1629 1410 soleant.

380 1448 500 1491 Hanc
543 1461 645 1489 vero
688 1460 774 1489 non
807 1445 940 1489 fuisse
973 1444 1119 1488 eximii
1150 1444 1395 1504 philosophi
1428 1445 1480 1489 de
1514 1461 1615 1491 vera
1645 1447 1767 1504 poesi
1800 1447 2007 1491 sententia
2041 1448 2143 1493 satis
2178 1455 2294 1507 patet
2325 1463 2457 1508 quum
2491 1463 2546 1492 ex
2577 1448 2776 1493 universa

317 1528 407 1585 ejus
429 1526 726 1584 philosophiae
747 1526 890 1569 indole
913 1532 1003 1568 tum
1025 1524 1232 1583 imprimis
1258 1541 1281 1568 e
1303 1525 1399 1568 loco
1423 1526 1600 1569 classico
1621 1526 1824 1576 Phaedri,
1851 1541 1938 1584 quo
1956 1541 2082 1570 verus
2101 1535 2231 1585 poeta
2246 1527 2309 1572 his
2325 1527 2518 1572 laudibus
2537 1528 2776 1572 extollitur:

315 1605 435 1655 Τρία
472 1604 582 1645 &barb
619 1608 763 1653 μουσῶν
804 1605 1015 1654 κατακωχή
1055 1618 1099 1643 τε
1138 1604 1202 1644 καὶ
1243 1603 1362 1652 μανία
1400 1605 1581 1652 λαβοῦσα
1620 1605 1774 1650 ἁπαλὴν
1813 1604 1877 1644 καὶ
1916 1603 2064 1653 ἄβατα-ον
2100 1607 2232 1656 ψυχὴν
2271 1606 2462 1657 ἐγείρουσα
2488 1606 2552 1647 καὶ
2581 1606 2780 1657 ἕκβακχεύ

316 1699 411 1724 ουσα
452 1682 557 1723 κατά
597 1699 641 1723 τε
685 1683 782 1732 ᾠδὰς
826 1682 889 1722 καὶ
934 1682 1038 1722 κατὰ
1077 1682 1145 1727 τὴν
1188 1681 1310 1728 ἄλλην
1353 1682 1492 1728 ποίησιν
1532 1683 1648 1734 μυρία
1686 1687 1757 1723 τῶν
1798 1688 1970 1724 παλαιῶν
2008 1682 2103 1734 ἔργα
2144 1687 2335 1733 κοσμοῦσα
2363 1684 2447 1729 τοὺς
2476 1684 2777 1733 ἐπιγιγνομένους

315 1763 496 1802 παιδεύει.
526 1761 562 1807 ὃς
593 1760 673 1801 nu
700 1759 789 1800 ἄνευ
817 1760 956 1809 μανίας
984 1765 1143 1801 Μουσῶν
1172 1761 1233 1800 ἐπὶ
1263 1762 1456 1808 ποιητικὰς
1486 1762 1604 1813 θύρας
1632 1763 1833 1815 ἀφίκηται,
1863 1762 2032 1808 πεισθεὶς
2060 1765 2107 1808 ὥς
2135 1762 2211 1814 ἄρα
2237 1764 2281 1803 ἐκ
2308 1762 2446 1813 τέχνης
2474 1764 2596 1808 ἱκανὸς
2624 1762 2777 1809 ποιητὴς

315 1840 505 1896 ἐσᾷμενος,
563 1842 704 1885 ἀτελὴς
761 1840 874 1883 αὐτός
932 1854 975 1878 τε
1032 1840 1096 1879 καὶ
1147 1841 1169 1885 ἡ
1218 1839 1358 1885 ποίησις
1416 1841 1485 1880 ὑπὸ
1542 1848 1608 1889 τῆς
1666 1846 1737 1882 τῶν
1794 1842 2023 1891 μαινομένων
2072 1843 2094 1888 ἧ
2136 1845 2202 1882 τοῦ
2258 1844 2521 1894 σωφρονοῦντος
2561 1842 2768 1893 ἠφανίσθη.

316 1922 393 1963 Est
436 1935 587 1978 nempe
619 1920 713 1964 talis
747 1920 897 1963 artifex
929 1919 1120 1963 imitator
1150 1920 1271 1964 ideae
1304 1922 1391 1964 veri
1424 1921 1611 1979 pulchri,
1658 1924 1776 1982 cujus
1808 1922 2025 1981 ingenium
2058 1922 2227 1980 egregie
2260 1921 2467 1979 expressit
2501 1922 2671 1973 Cicero,
2705 1923 2778 1966 ubi

317 2001 369 2043 de
412 2000 562 2044 Phidia
602 2001 662 2043 ita
705 2000 803 2042 dicit
850 1998 989 2056 (Orat.
1032 2002 1075 2042 2.
1109 1999 1191 2057 3.):
1257 2002 1383 2057 „Sed
1420 2002 1550 2059 ipsius
1585 2004 1628 2046 in
1661 2009 1799 2046 mente
1832 2001 2041 2045 insidebat
2075 2002 2236 2058 species
2269 2001 2589 2058 pulchritudinis
2622 2003 2777 2046 eximia

317 2114 346 2139 „
364 2080 596 2139 quaedam,
644 2094 771 2136 quam
817 2078 985 2121 intuens
1030 2079 1073 2121 in
1118 2093 1253 2136 eaque
1287 2081 1470 2132 defixuS,
1515 2083 1567 2126 ad
1598 2084 1707 2127 illius
1742 2082 2057 2127 similitudinem
2090 2087 2223 2125 artem
2260 2086 2301 2124 et
2333 2095 2503 2125 manum
2535 2081 2792 2140 dirigebat.'''

315 2160 426 2204 Hinc
458 2160 579 2204 Plato
612 2161 655 2203 in
689 2158 1008 2202 enumeratione
1043 2159 1224 2203 vitarum
1258 2161 1298 2203 in
1322 2162 1472 2204 eodem
1497 2162 1667 2220 dialogo
1691 2163 1884 2207 Phaedro
1910 2161 1969 2221 (p.
1991 2161 2082 2205 248
2106 2159 2175 2220 D.)
2198 2159 2380 2218 primum
2403 2161 2614 2219 dignitatis
2634 2162 2778 2206 locum

318 2241 512 2298 adsignat
542 2240 592 2288 τῷ
622 2240 809 2288 μουσικῷ,
841 2245 1009 2282 sextum
1040 2239 1208 2282 demum
1243 2240 1293 2288 τῷ
1324 2241 1494 2290 ποιητικῷ
1524 2241 1545 2287 ἢ
1575 2246 1645 2282 τῶν
1675 2241 1755 2292 περὶ
1784 2241 1942 2291 μιμησίν
1970 2256 2038 2281 τινι
2068 2239 2190 2290 ἄλλῳ.
2253 2240 2358 2284 Sunt
2379 2255 2530 2299 nempe
2550 2241 2632 2292 illi,
2666 2257 2776 2301 quos

316 2321 360 2364 in
393 2320 484 2364 libr.
522 2321 573 2363 de
608 2321 710 2376 Rep.
744 2320 877 2376 tangit
909 2321 1088 2377 opifices,
1125 2319 1167 2362 hi
1202 2335 1329 2369 vero,
1363 2336 1471 2379 quos
1506 2322 1548 2365 in
1584 2323 1776 2366 Phaedro
1811 2322 1985 2366 summis
2019 2320 2211 2365 laudibus
2244 2321 2429 2372 extollit,
2466 2322 2645 2380 artifices.

380 2401 433 2442 Ni
464 2400 611 2449 fallor,
645 2400 831 2442 Platonis
866 2399 1072 2443 sententia
1106 2401 1158 2442 de
1191 2401 1370 2457 pulchro
1404 2401 1486 2443 huc
1525 2403 1656 2445 redit:

379 2484 456 2525 Est
506 2479 729 2537 pulchrum
777 2479 995 2529 bifarium,
1046 2480 1267 2536 pulchrum
1318 2495 1416 2523 vere
1467 2482 1524 2524 ita
1572 2481 1729 2524 dictum
1774 2496 1850 2524 seu
1889 2481 1983 2524 idea
2016 2480 2201 2537 pulchri,
2246 2488 2287 2523 et
2318 2480 2541 2538 pulchrum
2573 2481 2616 2524 in
2648 2481 2775 2524 rebus

319 2558 690 2618 adspectabilibus.

379 2640 501 2682 Prius
535 2639 758 2696 pulchrum
794 2640 846 2682 ab
880 2639 1092 2682 intellectu
1124 2639 1309 2682 humano
1343 2639 1504 2696 percipi
1538 2641 1704 2698 nequit,
1738 2648 1801 2683 est
1835 2647 1974 2684 tamen
2007 2639 2237 2683 arctissime
2259 2639 2530 2698 conjunctum
2553 2654 2647 2683 cum
2671 2653 2776 2682 vero

318 2720 547 2776 bonoque,
581 2719 700 2777 cujus
735 2726 953 2777 tamquam
985 2719 1121 2761 forma
1155 2725 1329 2762 externa
1361 2727 1438 2762 est.

378 2799 569 2843 Alterum
613 2799 779 2857 pulchri
821 2813 956 2857 genus
1003 2806 1066 2841 est
1109 2798 1232 2857 hujus
1276 2800 1444 2857 imago,
1491 2808 1532 2843 at
1576 2816 1625 2844 ea
1667 2802 1896 2844 admodum
1942 2801 2182 2857 depravata.
2261 2798 2530 2857 Conspicitur
2565 2800 2608 2843 in
2647 2799 2776 2844 rebus

318 2879 482 2925 auditui
528 2880 720 2939 visuique
763 2879 940 2939 objectis
957 2911 967 2930 ,
1016 2879 1198 2937 illosque
1241 2894 1388 2924 sensus
1436 2881 1650 2939 voluptate
1697 2882 1835 2926 afficit.
1902 2881 2046 2933 Quum
2078 2887 2220 2925 autem
2252 2895 2399 2924 verum
2432 2880 2652 2938 pulchrum
2686 2880 2777 2925 sine

316 2960 435 3005 bono
469 2959 650 3018 cogitari
682 2967 888 3020 nequeat,
922 2973 1062 3018 neque
1095 2959 1177 3003 hoc
1209 2960 1401 3019 quamvis
1436 2960 1726 3019 imperfectum
1760 2961 1981 3020 pulchrum
2015 2960 2174 3006 carebit
2206 2960 2407 3011 utilitate,
2440 2974 2549 3019 quae
2580 2960 2680 3005 item
2714 2968 2780 3004 est

318 3041 463 3100 imago
495 3040 585 3084 veri
618 3039 733 3084 boni.

379 3122 443 3165 Ea
476 3121 673 3178 voluptas
708 3121 824 3164 visus
857 3120 1113 3180 auditusque
1146 3120 1371 3178 purissima
1403 3121 1636 3180 percipitur
1662 3122 1703 3165 in
1727 3121 2023 3180 adspectandis
2045 3120 2192 3179 figuris
2214 3120 2540 3172 mathematicis,
2572 3118 2776 3165 immixtis

319 3201 561 3253 coloribus,
625 3198 666 3244 in
716 3200 935 3246 audiendis
981 3201 1100 3258 puris
1148 3198 1290 3251 soniS,
1348 3200 1505 3260 quippe
1546 3202 1614 3245 cui
1660 3201 1868 3260 voluptati
1912 3201 2049 3246 nullus
2098 3201 2224 3245 dolor
2266 3214 2343 3244 seu
2389 3200 2579 3259 ingratus
2628 3213 2778 3245 sensus

319 3282 545 3341 oppositus
580 3281 645 3324 vel
682 3281 896 3325 admixtus
930 3280 997 3324 sit.
1062 3283 1127 3326 En
1160 3280 1305 3338 itaque
1336 3295 1470 3339 genus
1505 3281 1668 3339 pulchri
1701 3282 1896 3339 proxime
1930 3282 1983 3326 ad
2017 3295 2165 3325 verum
2197 3279 2418 3338 pulchrum
2452 3280 2668 3326 accedens.
