3014 3706
1464 173 1534 224 23

270 329 422 364 rever·
459 313 639 374 pulchra
676 314 775 367 fiat,
816 330 967 374 nempe
1008 332 1059 362 ea
1101 318 1245 375 signa,
1289 333 1400 377 quae
1431 325 1530 363 sunt
1561 318 1684 376 quasi
1716 316 1871 362 indicia
1903 317 2058 363 nobilis
2089 317 2247 376 ingenii
2279 325 2323 362 et
2354 318 2581 364 liberaliter
2616 320 2717 367 culti

269 393 414 442 affli-

329 474 455 529 'Quae
485 488 619 534 porro
650 474 801 520 eodem
833 474 971 533 capite
1002 480 1239 533 sequuntur
1272 481 1539 533 argumenta,
1572 475 1765 521 desumta
1798 483 1898 521 sunt
1930 492 1954 521 e
1984 476 2162 535 pulchro
2194 478 2237 522 in
2259 477 2484 523 virtuibus
2506 486 2550 523 et
2570 478 2715 525 animo

268 555 439 614 posito,
485 568 572 616 qua
613 552 998 606 demonstratione,
1043 567 1176 612 quum
1222 553 1389 612 pulchri
1436 561 1587 600 natura
1619 570 1643 598 e
1676 555 1986 600 consuetudine
2021 556 2210 601 Platonis
2227 589 2239 609 ,
2284 557 2372 602 imo
2403 558 2594 602 omnium
2625 559 2715 603 fere

270 634 556 683 Graecorum,
589 647 687 677 cum
717 631 836 677 bono
868 633 1174 685 confundatur,
1205 632 1407 677 lectorem
1440 649 1526 679 non
1558 635 1893 693 defatigahimus.

332 712 483 772 Capite
513 727 618 759 vero
651 712 839 758 secundo
870 713 1031 759 iterum·
1056 712 1109 758 de
1140 711 1317 771 pulchro
1348 713 1391 759 in
1424 713 1676 772 corporibus
1707 714 1794 772 agit
1827 721 2006 760 auctor:

332 827 362 851 „
384 794 642 852 Repetamus
690 793 820 852 igitur
871 809 897 839 a
949 792 1181 852 principio,
1232 802 1482 852 quaerentes
1536 795 1736 854 quidnam
1790 795 1844 840 sit
1895 795 1986 853 ipsa
2040 795 2081 838 in
2133 793 2384 852 corporibus
2431 795 2718 853 pulchritudo.

270 907 300 932 „
321 873 535 932 Principio
590 882 655 919 est
707 874 907 934 quiddam
960 875 1099 932 primo
1149 875 1303 920 intuitu
1356 876 1497 921 sensui
1552 891 1598 920 se
1654 877 1937 934 patefaciens:
1996 875 2123 933 idque
2178 875 2341 919 animus
2395 876 2715 933 apprehendens

270 954 662 1014 „familiariterque
715 969 948 1013 agnoscens
997 955 1194 1013 suscipit,
1250 964 1292 1000 et
1345 956 1467 1015 quasi
1517 957 2003 1019 accommodatissimum
2058 956 2267 1013 approbat
2317 964 2359 999 et
2414 958 2719 1014 amplectitur.”

270 1035 394 1090 Quae
451 1033 581 1080 verba
634 1033 790 1079 nullam
848 1033 1131 1079 difficultatem
1184 1034 1367 1088 habent,
1433 1036 1742 1096 cogitantibus,
1804 1052 1906 1087 nos,
1964 1053 1987 1080 e
2041 1034 2228 1080 Platonis
2282 1035 2512 1088 sententia,
2576 1038 2714 1082 ideam

266 1115 432 1175 pulchri
479 1114 744 1172 adspexisse,
796 1123 838 1159 et
884 1116 1114 1160 secundum
1162 1117 1397 1167 Plotinum,
1448 1134 1541 1162 eam
1588 1118 1630 1162 in
1669 1117 1811 1161 animo
1846 1126 2018 1168 nostro,
2069 1116 2228 1174 quippe
2263 1117 2446 1161 universi
2478 1118 2711 1162 intellectus

264 1203 408 1256 parte,
440 1196 585 1240 latere.

327 1312 354 1334 „
373 1278 429 1321 At
472 1291 575 1320 vero
607 1277 650 1320 in
684 1284 808 1334 turpe
839 1276 1027 1320 incidens
1061 1290 1154 1320 sese
1187 1277 1356 1333 recipit,
1389 1285 1431 1321 et
1464 1278 1579 1321 velut
1610 1278 1843 1322 abhorrens
1879 1277 1934 1321 ob
1972 1278 2255 1321 discordiam''
2287 1277 2457 1335 (nempe
2490 1294 2586 1322 cum
2617 1279 2713 1323 idea

267 1357 389 1402 nohis
420 1356 559 1417 insita)
592 1357 797 1415 „respuit
829 1363 877 1399 ut
908 1356 1102 1400 alienum.
1168 1356 1311 1408 Quum
1344 1357 1453 1400 enim
1487 1358 1651 1400 animus
1683 1364 1836 1401 natura
1869 1371 1946 1401 sua
1980 1358 2176 1416 proxime
2212 1358 2385 1401 accedat
2412 1359 2465 1402 ad
2487 1365 2713 1416 praestan-

266 1470 295 1495 „
317 1437 519 1482 tissimum
562 1436 788 1482 essentiam
828 1438 872 1481 in
905 1437 1104 1481 universo
1138 1436 1207 1497 (ad
1239 1438 1363 1498 νοῦν),
1411 1438 1766 1498 quandocumque
1812 1437 2059 1495 adspexerit
2091 1445 2318 1496 cognatum
2353 1437 2552 1495 quiddam
2603 1453 2709 1497 cog—

265 1518 486 1578 „natique
529 1518 778 1577 vestigium,
821 1518 1139 1576 congratulatur
1183 1525 1226 1562 et
1270 1525 1434 1578 stupet,
1485 1519 1697 1577 refertque
1735 1518 1776 1561 in
1812 1532 1857 1561 se
1890 1518 2057 1576 ipsum,
2109 1518 2258 1577 suique
2303 1518 2552 1562 recordatur
2584 1525 2713 1577 atque

266 1634 295 1659 „
318 1614 508 1645 suorum.
574 1599 797 1652 Quaenam
831 1598 961 1657 igitur
994 1598 1223 1644 similitudo
1256 1599 1346 1651 his,
1378 1616 1485 1659 quae
1519 1600 1630 1657 apud
1661 1614 1740 1643 nos
1773 1598 1977 1657 pulchra,
2010 1598 2063 1643 ad
2095 1598 2165 1643 illa
2200 1613 2308 1656 quae
2342 1613 2470 1656 super
2502 1612 2581 1642 nos
2616 1605 2715 1643 sunt

265 1713 295 1739 „
316 1679 527 1738 pulchra}>
591 1679 757 1723 Etenim
808 1678 843 1723 si
890 1694 975 1738 qua
1023 1679 1250 1724 similitudo
1300 1687 1388 1731 est,
1439 1680 1589 1724 similia
1641 1680 1811 1738 quidem
1863 1685 1973 1722 sunt.
2038 1680 2093 1723 At
2140 1692 2324 1737 quonam
2370 1685 2496 1736 pacto
2541 1678 2717 1736 pulchra

266 1792 295 1817 „
317 1759 441 1803 simul
484 1766 526 1803 et
558 1759 663 1803 haec
695 1767 737 1803 et
769 1759 875 1803 illa?
941 1760 1254 1817 Pareicipatione
1289 1762 1432 1819 speciei
1464 1765 1512 1816 (s.
1545 1760 1676 1816 ideae)
1712 1770 1851 1802 nostra
1886 1760 1983 1804 haec
2016 1760 2188 1802 dicimus
2220 1774 2299 1802 esse
2326 1758 2524 1815 pulchra”
2557 1756 2651 1816 (πῶς
2680 1761 2720 1802 δὲ

268 1840 376 1881 καλὰ
402 1840 558 1881 κάκεῖνοι
585 1838 648 1879 καὶ
676 1841 826 1884 ταῦτ-ας
856 1844 1005 1890 μετοχῇ
1034 1838 1149 1885 εἴδους
1177 1840 1308 1891 Φαμὲν
1336 1843 1499 1894 ταῦτα).

328 1919 473 1971 Quum
516 1919 658 1977 itaque
703 1917 945 1976 philosophi
991 1920 1196 1964 sententia
1237 1919 1321 1963 huc
1368 1919 1536 1969 redeat,
1582 1933 1650 1961 res
1688 1930 1946 1973 corporeas,
1995 1930 2081 1973 quo
2122 1914 2256 1973 magis
2289 1915 2384 1959 idea
2415 1915 2554 1974 aliqua
2585 1915 2628 1958 in
2660 1914 2713 1958 iis

268 2001 452 2049 eluceat,
486 2013 538 2043 eo
574 1998 835 2056 pulchriores
868 2013 987 2051 esse,
1033 2008 1076 2043 at
1107 2015 1211 2043 vero
1243 2001 1414 2043 minime
1446 2006 1716 2058 perspectum
1748 1996 2006 2045 habeamuS,
2040 1994 2187 2053 quales
2220 1995 2338 2037 ideae
2371 1995 2482 2044 sint,
2520 1993 2716 2052 quaestio

267 2079 414 2124 eadem
457 2086 672 2128 remanet;
723 2079 942 2136 quomodo
989 2079 1118 2138 igitur
1161 2088 1301 2137 patet,
1349 2081 1417 2124 vel
1460 2079 1612 2138 quibus
1656 2076 1821 2120 indiciis
1861 2076 2054 2135 judicare
2103 2089 2332 2132 possumus
2365 2074 2715 2133 qualemcumque

267 2159 437 2204 tandem
468 2160 605 2203 ideam
638 2159 680 2202 in
713 2160 793 2203 hac
824 2174 871 2202 re
903 2161 1045 2217 potius
1080 2161 1227 2204 adesse
1261 2175 1387 2218 quam
1421 2161 1463 2203 in
1496 2161 1565 2203 illa
1598 2159 1766 2202 altera?

328 2239 573 2298 Respondet
614 2239 835 2283 Plotinus:
883 2241 961 2280 πᾶν
1002 2239 1078 2290 γὰρ
1115 2240 1158 2280 τὸ
1190 2238 1486 2288 ”ΑΜΟΡΦΟΝ,
1528 2237 1695 2290 πεφυκὸς
1735 2240 1956 2278 ΜΟΡΦΗΝ
1985 2234 2048 2276 καὶ
2078 2239 2240 2277 ΕῙΔΟΣ
2272 2231 2471 2284 δέχεσθαι,
2500 2231 2648 2284 ἄμοιρον
2675 2230 2712 2273 ὃν

266 2318 381 2369 λόγου
409 2317 472 2360 καὶ
500 2316 638 2365 εἴδους,
668 2318 821 2371 αἰσχρὸν
850 2318 912 2360 καὶ
941 2317 1009 2369 ἔξω
1039 2317 1140 2361 θείου
1168 2318 1295 2369 λόγου.
1325 2319 1388 2361 καὶ
1417 2320 1459 2361 τὸ
1489 2316 1612 2365 πάντη
1643 2316 1796 2368 αἰσχρὸν
1825 2318 1948 2356 τοῦτο.

326 2400 534 2445 Nolumus
567 2399 608 2445 h.
642 2400 669 2444 l.
702 2400 919 2459 disputare
942 2401 993 2445 de
1016 2401 1265 2460 quaestione
1285 2416 1337 2445 an
1358 2416 1506 2445 vocem
1531 2399 1784 2458 platonicam
1808 2399 1905 2444 ἰδέαν
1929 2403 2043 2442 recte
2064 2396 2364 2453 interpretetur
2385 2408 2461 2452 per
2480 2393 2626 2445 μορφήν
2647 2391 2712 2451 (l)

265 2481 380 2541 quod
414 2487 456 2525 et
488 2480 638 2525 Cicero
670 2480 768 2525 fecit
800 2481 843 2525 in
878 2481 1086 2532 Oratore,
1134 2497 1225 2540 cap.
1259 2482 1312 2534 3,
1346 2488 1513 2526 vertens
1547 2478 1645 2525 ἰδέαις
1680 2494 1757 2538 per
1787 2483 1960 2536 formas.
2025 2477 2153 2526 Nam,
2202 2490 2269 2518 me
2306 2473 2470 2533 judice,
2518 2471 2708 2516 Plotinus

262 2575 318 2605 ne
365 2561 600 2620 significare
648 2562 820 2621 quidem
869 2562 1030 2613 voluit,
1077 2561 1193 2606 ideas
1228 2562 1395 2606 easdem
1430 2576 1524 2605 esse
1572 2575 1621 2604 ac
1660 2558 1809 2610 μορφήν
1842 2565 1884 2601 et
1918 2553 2026 2602 εἶδος.
2095 2555 2205 2599 Dicit
2246 2554 2345 2597 nihil
2387 2552 2499 2597 aliud
2543 2558 2711 2609 praeter

264 2641 360 2685 hoc.
425 2643 608 2700 „Omne
640 2644 880 2702 informe
913 2642 1000 2702 (cui
1032 2657 1118 2686 non
1151 2649 1214 2686 est
1243 2645 1423 2703 forma),
1455 2648 1606 2685 natura
1639 2654 1715 2683 sua
1738 2647 1883 2697 aptum
1908 2638 1960 2680 ad
1980 2640 2157 2695 sormam
2180 2650 2230 2677 ac
2252 2635 2416 2692 speciem
2438 2631 2709 2690 capiendam,

264 2732 422 2780 „turpe
470 2733 547 2775 est,
592 2730 719 2783 atque
765 2737 791 2767 a
838 2722 981 2767 divina
1030 2722 1195 2768 ratione
1241 2729 1475 2774 semotum,
1524 2721 1625 2781 quia
1671 2734 1758 2764 non
1791 2719 2001 2777 particeps
2035 2723 2099 2761 est
2131 2715 2308 2760 rationis
2340 2720 2383 2758 et
2414 2712 2571 2772 speciei
2583 2711 2619 2765 ,”
2648 2735 2713 2745 —-

273 2855 429 2863 *—

311 2940 365 2987 (1)
415 2939 490 2988 Qui
520 2939 627 2989 hujus
660 2941 712 2977 rei
743 2941 847 2989 plura
879 2940 970 2976 scire
1001 2939 1116 2987 cupit,
1152 2939 1184 2975 is
1216 2938 1319 2975 adeat
1351 2937 1607 2987 Wyttenbachii
1639 2948 1720 2973 ann.
1757 2934 1804 2971 ad
1840 2935 1930 2971 Plat.
1981 2931 2209 2969 Phaedonem
2247 2942 2283 2978 p.
2315 2928 2406 2973 27⁵,
2440 2927 2503 2977 qui
2538 2928 2607 2964 hoe
2639 2927 2716 2964 fere

262 3004 451 3043 dinarium
481 3005 576 3044 inter
607 3019 710 3044 voees
741 3008 845 3050 ἰδέαν,
876 3004 961 3051 εἲδος
990 3009 1027 3043 et
1057 3005 1183 3052 μορφῆν
1212 3004 1414 3041 constituit:
1446 3004 1536 3042 ἰδέαν
1567 3013 1643 3039 esse
1675 3012 1795 3038 vocem
1826 2997 2038 3048 platonicam
2075 2995 2122 3033 ad
2146 2995 2244 3032 ideas
2268 2994 2412 3044 proprie
2435 2994 2486 3030 ita
2510 2992 2640 3037 dictas,
2674 2992 2715 3031 id

261 3072 331 3115 est,
358 3077 522 3109 naturam
544 3071 646 3111 illam
677 3071 1002 3124 suprnmundnnam
1034 3070 1316 3120 significandam
1348 3068 1431 3115 εἶδος
1461 3073 1497 3107 et
1527 3069 1652 3117 μορφίν
1676 3071 1795 3105 eontra
1819 3067 2049 3115 (quamquam
2078 3061 2163 3108 εἲδος
2187 3061 2329 3100 Platoni
2352 3072 2457 3110 saepe
2481 3059 2577 3097 idem
2602 3059 2651 3098 sit
2674 3071 2717 3098 ac

265 3135 357 3185 Νι)
380 3136 493 3187 mugi·
516 3137 695 3188 pertinere
726 3138 774 3178 ad
809 3151 866 3179 res
896 3137 1171 3190 adspectabiles,
1201 3136 1252 3177 ita
1282 3139 1324 3176 ut
1353 3135 1400 3176 de
1430 3134 1615 3187 superficie
1645 3133 1721 3173 sola
1743 3135 1935 3183 usurpetur
1960 3142 2028 3172 vox
2054 3130 2185 3180 μορφή,
2216 3128 2263 3167 de
2287 3131 2415 3167 natm
2438 3137 2523 3166 vero
2545 3125 2716 3166 interiore

270 3207 476 3253 corporum,
500 3204 686 3254 superficie
708 3205 817 3246 etiam
840 3205 994 3252 inclusa,
1019 3204 1111 3253 εἶδος.
