3014 3706
1451 154 1519 203 21

259 299 414 363 qubus
441 297 632 360 flagitiu-
677 297 843 345 animus
892 305 989 346 aute
1036 299 1146 346 lunc
1193 298 1325 345 vitam
1369 299 1614 358 adspexisse
1643 298 1787 350 ideas,
1836 313 1945 358 quae
1977 304 2165 343 mentem
2204 297 2488 344 abstrahendo
2521 314 2547 343 a
2577 299 2705 344 rebus

259 378 575 428 mutabas
560 393 606 426 n
636 379 887 443 nemerim
917 378 1185 426 revocandae
1214 379 1312 425 sint.

322 459 448 506 ideae
477 474 583 506 vero
613 474 694 519 per
721 467 889 519 tempus
920 474 973 506 ae
1001 460 1185 519 spatium
1216 459 1270 505 ab
1301 460 1443 505 auimo
1476 460 1744 505 deducuntur
1772 460 1817 503 in
1850 459 2068 503 materiam
2100 467 2143 503 et
2174 474 2270 503 cum
2299 475 2350 505 ea
2365 461 2629 519 junguntur,
2662 466 2706 504 et

258 539 320 586 ita
358 539 455 587 idea
495 553 671 601 quoque
711 538 904 598 ρώΙιι-ἰ,
945 538 1141 600 quamvis
1177 538 1406 585 dilacerata
1447 547 1490 584 et
1531 539 1839 590 contaminata,
1885 546 2024 582 tamen
2068 553 2162 582 sese
2196 539 2320 583 offert
2350 538 2697 600 perceptionibus

259 619 389 665 auinu
418 634 471 666 ac
499 631 726 670 mum,
769 617 1003 663 secundum
1032 617 1336 664 immutabilem
1367 618 1479 663 illam
1511 618 1649 677 legem
1681 618 1837 662 similes
1870 625 2041 661 naturas
2075 632 2101 661 a
2132 618 2337 662 similibus
2369 620 2530 677 percipi
2562 633 2707 678 posse.

322 700 385 744 De
415 697 501 743 hoc
530 704 672 744 autem
702 697 881 757 pulchro
911 697 957 741 in
989 697 1164 743 materia
1195 697 1325 743 obvio
1357 698 1635 758 sensibusque
1667 696 1824 742 nostris
1857 696 2049 756 subjecto
2082 697 2276 742 Plotinus
2308 698 2396 757 agit
2427 699 2472 743 in
2492 699 2704 744 Enneadis

259 776 422 837 primae
452 776 564 823 libro
596 786 735 823 sexto.
800 777 1006 831 conatur
1022 777 1065 822 iu
1096 776 1218 824 initio
1248 777 1375 838 hujus
1405 777 1501 823 libri
1532 778 1718 823 indicare
1733 811 1743 829 ,
1782 792 1990 837 quaenam
2027 776 2112 822 sint
2145 776 2299 823 indicia
2331 785 2373 823 et
2406 779 2583 838 vestigia
2615 779 2705 823 veri

262 857 374 903 illius
404 843 646 916 pulchri‘in
676 857 760 903 hoc
792 863 929 902 tractu
960 857 1170 908 universi,
1205 858 1323 918 cujus
1353 858 1518 903 incolae
1551 865 1593 902 et
1624 873 1703 903 nos
1735 858 1818 916 ipsi
1851 872 2014 901 sumuS.

321 936 509 995 Suscipit
540 936 893 996 disputationem,
925 936 999 981 ubi
1027 937 1149 983 Plato
1182 952 1275 983 eam
1307 937 1550 996 reliquerat.
1617 938 1960 995 ‚‚Pulchritudo,
1999 938 2080 989 ait,
2118 944 2182 981 est
2213 939 2255 982 in
2286 938 2380 982 visu
2404 937 2454 996 (S.
2477 939 2697 996 adspectu)

260 1050 290 1075 „
303 1016 546 1076 plurimum.
608 1017 685 1061 Est
717 1017 843 1062 etiam
874 1018 918 1061 in
950 1016 1095 1062 auditu
1128 1018 1360 1063 secundum
1392 1017 1623 1061 verborum
1655 1017 2012 1076 compositiones,
2046 1024 2110 1061 est
2143 1018 2269 1062 etiam
2301 1017 2344 1061 in
2377 1018 2493 1062 omni
2525 1018 2704 1062 musica:

260 1112 399 1154 „nam
431 1104 580 1141 cantus
613 1104 656 1141 et
687 1098 906 1142 numerosi
938 1105 1166 1142 concentus
1196 1098 1361 1156 pulchri
1394 1098 1529 1142 sunt.”

321 1178 472 1235 Aeque
515 1191 566 1221 ac
612 1176 734 1221 Plato
782 1176 1002 1221 confundit
1045 1176 1268 1236 pulchrum
1316 1191 1413 1221 cum
1454 1178 1594 1228 bono,
1641 1175 1770 1235 idque
1805 1191 1859 1219 ex
1896 1175 2120 1233 utriusque
2153 1175 2481 1233 philosophandi
2514 1175 2704 1226 ratione,

261 1270 346 1315 qua
389 1254 510 1301 ideae
554 1255 746 1316 singulae
795 1256 1055 1316 singularum
1073 1263 1260 1302 naturae
1291 1256 1518 1316 participes
1551 1256 1632 1300 sint
1662 1270 1803 1314 neque
1839 1255 1921 1300 ulla
1952 1255 2048 1300 idea
2079 1255 2169 1299 sine
2203 1255 2403 1306 caeteris,
2451 1255 2705 1315 quibuscum

260 1335 495 1381 arctissime
527 1336 754 1396 conjuncta
786 1336 865 1387 sit,
917 1336 1094 1395 cogitari
1124 1337 1280 1395 possit3
1323 1351 1422 1381 nam
1451 1337 1511 1381 ita
1541 1336 1705 1395 pergit:
1771 1368 1799 1392 „
1812 1336 2064 1386 Praeterea,
2098 1336 2132 1379 si
2168 1349 2192 1379 a
2224 1348 2351 1378 seusu
2384 1335 2437 1378 ad
2473 1335 2540 1386 id,
2588 1335 2705 1393 quod

258 1430 430 1474 „supra
479 1430 649 1459 sensum
692 1423 779 1467 est,
813 1416 1143 1468 adscendamus,
1192 1417 1452 1461 inveniemus
1501 1417 1640 1461 studia
1682 1430 1855 1475 quoque
1898 1423 1940 1459 et
1983 1416 2120 1459 officia
2173 1415 2370 1472 pulchra,
2414 1423 2456 1459 et
2488 1415 2704 1464 actiones,

258 1529 287 1554 „
304 1502 347 1540 et
389 1495 556 1540 habitus
606 1502 732 1555 atque
782 1496 1002 1546 scientiaS‚
1051 1496 1338 1555 virtutumque
1384 1496 1752 1554 pulchritudinem.
1818 1496 1968 1540 Utrum
2020 1509 2123 1539 vero
2167 1502 2207 1539 et
2243 1510 2370 1553 super
2403 1495 2505 1539 baec
2537 1496 2621 1539 ulla
2654 1495 2707 1538 sit

202 1600 211 1607 -
257 1609 286 1635 ‚‚
303 1575 597 1634 pulchritudo,
646 1590 715 1619 res
757 1576 851 1634 ipsa
895 1576 1219 1633 procedentibus
1262 1575 1523 1621 declarabit.’'
1602 1566 1813 1633 Significat
1849 1575 2045 1620 nimirum
2080 1575 2311 1632 pulchrum
2344 1575 2548 1620 idearum.
2611 1576 2707 1619 Jam

255 1655 403 1714 incipit
447 1655 662 1716 inquirere
708 1656 752 1699 iu
802 1669 975 1700 causam
1022 1656 1213 1714 pulchri:
1297 1689 1326 1714 „
1344 1656 1458 1707 Quid
1507 1657 1635 1713 igitur
1684 1662 1776 1705 est,
1831 1656 1947 1714 quod
1996 1655 2149 1705 efficit,
2201 1662 2248 1698 ut
2299 1669 2482 1712 corpora
2529 1655 2707 1713 pulchra

257 1768 286 1794 „
299 1735 547 1787 videantur,
579 1742 708 1794 atque
742 1735 910 1780 auditus
942 1750 1071 1779 voces
1104 1736 1331 1794 approbet,
1366 1744 1577 1794 tamquam
1600 1734 1824 1792 pulchraS,
1859 1742 1900 1777 et
1922 1749 2200 1793 quaecunque
2222 1734 2418 1792 deinceps
2442 1734 2495 1778 ad
2517 1735 2706 1778 animum

258 1848 286 1873 „
300 1814 496 1866 attinent,
547 1829 734 1874 quonam
778 1815 911 1874 igitur
938 1822 1065 1873 pacto
1097 1815 1274 1874 pulchra
1301 1815 1407 1859 haec
1438 1815 1581 1858 omnia
1612 1814 1750 1858 fiunt?
1815 1815 2031 1872 Numquid
2063 1827 2150 1858 una
2184 1814 2367 1872 quadam
2399 1821 2525 1874 atque
2559 1814 2707 1858 eadem

258 1909 348 1955 „re
397 1894 540 1940 omnia
590 1901 688 1939 suut
736 1894 947 1954 pulchra?
1014 1898 1098 1940 Aut
1129 1896 1242 1941 aliud
1274 1896 1475 1956 quiddam
1506 1902 1570 1939 est
1600 1893 1870 1953 pulchritudo
1908 1895 1951 1938 in
1984 1908 2191 1953 corpore,
2236 1894 2280 1937 in
2312 1894 2394 1939 alio
2430 1909 2530 1938 vero
2563 1895 2708 1939 aliud?

259 1975 463 2032 „Rursus
512 1990 721 2034 quaenam
768 1983 868 2019 sunt
914 1977 1018 2020 haec
1068 1976 1244 2034 pulchra
1296 1976 1331 2020 si
1383 1977 1506 2035 plura
1537 1979 1669 2020 sunt?
1737 1976 1928 2029 Quidve,
1964 1976 1998 2018 si
2032 1975 2163 2019 modo
2196 1989 2327 2019 unum
2362 1976 2581 2033 pulchrum
2616 1979 2710 2019 est‘?

259 2053 524 2110 „Quaedam
559 2055 670 2099 enim
704 2071 790 2100 non
825 2072 879 2100 ex
911 2057 1003 2114 ipsa
1036 2056 1323 2116 subjectorum
1357 2055 1629 2116 (ὑποκειμένων)
1661 2064 1813 2100 natura
1845 2063 1944 2099 sunt
1976 2056 2179 2113 pulchra,
2231 2056 2344 2099 velut
2376 2071 2583 2113 corpora,
2636 2057 2710 2100 sed

260 2134 627 2191 „participatione
660 2135 767 2179 alius
799 2137 1033 2195 cujusdam.
1097 2136 1316 2188 Quaedam
1350 2152 1453 2180 vero
1474 2136 1807 2195 pulchritudines
1831 2137 1949 2194 ipsae
1973 2144 2071 2179 sunt
2088 2168 2099 2187 ‚
2132 2142 2180 2179 ut
2202 2135 2368 2180 virtutis
2390 2137 2521 2194 ipsius
2543 2144 2709 2179 natura.

261 2213 496 2272 „Corpora
529 2214 699 2272 quidem
735 2216 882 2259 eadem
917 2217 1019 2260 alias
1054 2216 1225 2275 quidem
1257 2217 1456 2275 pulchra,
1489 2218 1591 2260 alias
1625 2231 1728 2260 vero
1763 2231 1850 2260 non
1885 2216 2060 2275 pulchra
2095 2216 2313 2267 videntur,
2344 2216 2402 2260 ita
2434 2223 2481 2258 ut
2512 2217 2624 2259 aliud
2658 2218 2711 2259 sit

261 2307 458 2351 „corpus
507 2309 625 2345 esse,
674 2295 788 2339 aliud
837 2297 1058 2354 pulchrum
1090 2312 1198 2341 esse.
1263 2296 1377 2349 Quid
1410 2312 1513 2355 ergo
1545 2297 1589 2340 id
1623 2304 1687 2340 est
1717 2297 2007 2354 potissimum,
2057 2297 2173 2355 quod
2206 2296 2383 2353 pulchra
2417 2310 2598 2353 corpora
2632 2310 2708 2340 sua

260 2373 540 2431 „praesentia
570 2374 701 2417 facit?
766 2376 977 2434 Imprimis
1010 2377 1120 2421 enim
1153 2377 1197 2420 id
1230 2385 1293 2420 est
1325 2378 1447 2421 nobis
1481 2377 1863 2421 considerandum:
1900 2377 2001 2434 quid
2035 2377 2108 2426 sit,
2142 2377 2260 2434 quod
2293 2376 2559 2434 potissimum
2584 2390 2708 2433 spec-

261 2453 481 2510 „tantium
512 2453 663 2497 alliciat
697 2455 872 2507 oculos,
907 2464 1212 2515 convertatque
1243 2457 1297 2502 ad
1330 2457 1512 2515 seipsam
1545 2464 1673 2515 atque
1694 2456 1856 2514 rapiat,
1891 2463 2236 2514 spectantemque
2259 2456 2465 2498 delectet?
2528 2454 2707 2497 sienim

260 2532 345 2588 „id
377 2531 684 2585 invenerimus,
715 2534 861 2579 forsan
893 2535 1016 2594 quasi
1049 2537 1161 2581 scala
1193 2537 1246 2580 ad
1279 2545 1445 2581 caetera
1475 2537 1772 2595 prospicienda
1806 2538 1866 2581 uti
1898 2536 2172 2594 poterimus.''

324 2613 428 2657 Post
474 2614 582 2658 hanc
628 2614 1011 2669 introductionem,
1065 2632 1150 2676 qua
1198 2618 1387 2661 Plotinus
1436 2617 1616 2662 lectores
1667 2632 1768 2662 suos
1810 2619 1862 2661 ad
1915 2616 2172 2660 Platonicam
2214 2615 2420 2659 rationem
2463 2616 2706 2665 revocavit,

261 2691 443 2750 explicat
487 2700 616 2752 atque
646 2694 800 2739 refutat
832 2711 925 2739 eam
958 2696 1011 2740 de
1043 2698 1222 2754 pulchro
1255 2698 1523 2755 opinionem,
1568 2714 1676 2757 quae
1709 2713 1788 2741 suo
1823 2708 2018 2753 tempore
2050 2694 2255 2753 imprimis
2289 2694 2471 2738 valuisse
2504 2703 2545 2737 et
2577 2710 2707 2754 quam

261 2784 410 2815 omnes
441 2774 531 2817 fere
562 2775 766 2832 probasse
797 2775 1004 2819 videntur.

323 2851 552 2907 „Tradunt
600 2856 712 2899 enim
757 2856 888 2899 ferme
936 2870 1083 2899 omnes
1134 2857 1588 2900 commensurationem
1632 2857 1843 2914 quandam
1890 2855 2073 2913 partium
2119 2863 2162 2898 et
2192 2855 2374 2898 invicem
2408 2862 2451 2898 et
2482 2854 2536 2898 ad
2568 2862 2709 2898 totum

262 2945 389 2988 „una
436 2947 531 2978 cum
576 2936 733 2980 coloris
766 2937 902 2993 gratia
933 2936 1284 2994 pulchritudinem
1317 2938 1593 2993 pertinentem
1628 2936 1681 2979 ad
1714 2936 1862 2978 oculos
1897 2950 2148 2992 procreare,
2200 2942 2328 2994 atque
2359 2935 2401 2978 in
2435 2949 2488 2978 eo
2521 2935 2711 2992 pulchri-

261 3011 491 3082 „tudinem
541 3017 730 3061 omnium
780 3031 873 3061 esse
922 3017 1043 3062 sitam
1060 3049 1071 3066 ‚
1118 3024 1165 3060 ut
1212 3016 1430 3061 moderata
1472 3022 1896 3074 commensurataque
1931 3016 2014 3058 sint
2046 3013 2105 3074 (ὡς
2135 3019 2350 3070 συμμετρία
2377 3023 2447 3061 τῶν
2475 3023 2593 3071 μερῶν
2622 3020 2710 3072 πρὸς

261 3122 290 3148 ‚a
304 3090 463 3138 ἄλληλα
498 3092 563 3134 καὶ
601 3096 690 3147 πρὸς
729 3098 772 3138 τὸ
808 3094 906 3146 ὅλον,
950 3095 995 3137 τό
1021 3111 1065 3137 τε
1093 3100 1159 3143 τῆς
1187 3095 1357 3148 ξῦχροΙαις
1384 3095 1593 3147 προς-τεθὲν,
1636 3096 1678 3135 τὸ
1709 3095 1794 3146 πρὸς
1824 3096 1890 3142 τὴν
1919 3094 2002 3147 ὄψιν
2033 3094 2175 3139 κάλλος
2205 3099 2317 3143 ποιεῖ,
2360 3094 2421 3135 καὶ
2452 3094 2551 3135 ἔστιν
2582 3096 2709 3140 αὐτοῖς

261 3202 289 3228 „
302 3170 366 3212 καὶ
395 3167 489 3219 ὅλως
518 3180 594 3221 τοῖς
623 3174 754 3222 ἄλλοις
785 3178 879 3217 πᾶσι
908 3176 950 3216 τὸ
980 3174 1120 3221 κάλλος
1149 3171 1240 3216 εἶναι
1268 3174 1311 3216 τὸ
1338 3174 1559 3226 συμμέτροις
1587 3173 1651 3216 καὶ
1680 3173 1969 3226 μεμετρημένοις
1999 3171 2224 3232 ὑπάρχειν)”
