3014 3706
1427 148 1497 202 13

239 312 442 361 quoque,
488 297 602 351 lihn‘·
633 296 687 345 de
733 295 961 355 Republica
1003 304 1046 340 et
1084 283 1312 347 Tm,
1361 311 1493 356 quum
1529 296 1583 340 de
1613 295 1708 341 idea
1741 295 1906 353 pulchri
1936 301 2026 338 tum
2058 293 2113 337 de
2144 308 2290 338 amore
2321 293 2454 339 multa
2485 302 2678 340 tractant.

238 379 371 460 Cujus
399 375 695 440 Wopffle
726 389 891 421 summa
919 375 1031 441 haec
1055 382 1133 420 est.

276 457 346 504 ln
385 456 600 508 antenore
641 454 754 506 vita,
794 454 951 500 exim
991 469 1090 499 cum
1130 454 1210 501 diis
1250 455 1510 501 beatitudine
1541 457 1754 505 fruentes,
1797 455 2070 513 adspeximus
2105 454 2245 506 ideas,
2287 470 2468 514 quarum
2488 469 2681 500 summae

238 547 339 584 sunt
378 536 543 599 pulchri
555 544 574 588 ,‘
610 537 725 585 veri,
768 536 884 579 boni.
924 561 926 563 -
955 536 995 578 Ε
1033 534 1277 579 felicissimo
1315 535 1389 579 illo
1421 536 1663 593 spectaculo
1696 535 1857 578 detrusi
1885 535 1929 577 in
1961 534 2068 577 hanc
2099 542 2255 580 terram
2285 550 2443 595 corpus
2475 536 2680 587 mortale,

239 619 357 677 quod
390 625 608 677 tamquam
640 629 785 659 carcer
815 615 943 659 animi
975 622 1067 665 est,
1111 615 1339 660 induimus.
1413 616 1580 675 Corpus
1613 615 1745 658 hocce
1776 616 1820 658 in
1852 615 1977 674 culpa
2007 621 2094 665 est,
2139 622 2212 665 ut,
2244 615 2400 658 lumine
2432 616 2559 659 animi
2590 616 2680 660 fere

237 699 473 749 exstincto,
515 710 717 740 sensuum
747 695 878 739 modo
912 709 996 754 ope
1026 710 1094 739 res
1126 695 1347 740 mutabiles
1360 729 1373 745 ,
1421 710 1588 754 semper
1618 695 1722 740 falsa
1759 695 1845 738 veri
1877 695 2017 752 specie
2049 709 2129 739 nos
2162 695 2205 738 in
2237 709 2427 739 errorem
2459 696 2679 748 ducentes,

237 778 542 837 adspicimus,
595 790 807 835 nusquam
859 775 961 835 quid
1014 791 1163 821 verum
1204 776 1260 820 sit
1300 776 1519 834 percipere
1561 775 1789 834 possimus.
1859 777 1999 825 MenS,
2059 775 2121 818 his
2165 775 2411 834 ambagibus
2454 777 2654 834 impedita
2667 809 2679 827 ,

237 872 365 916 saepe
408 858 533 901 etiam
577 871 603 900 a
634 870 739 900 vero
771 855 905 899 aliena
918 889 929 904 .
981 856 1160 901 debilem
1192 856 1421 901 admodum
1454 856 1805 900 reminiscentiam
1836 856 2028 907 illarum,
2075 857 2184 900 inter
2218 872 2325 915 quas
2359 865 2483 902 antea
2516 865 2681 902 versata

236 944 324 988 est,
369 937 561 981 idearum
607 936 792 981 retinuit.
865 939 998 980 Amor
1029 944 1119 989 est,
1169 938 1243 996 qui
1273 937 1382 980 hanc
1415 936 1660 980 memoriam
1692 936 1927 979 resuscitat.
1990 937 2084 979 Hoc
2117 951 2328 981 summum
2359 938 2470 981 vitae
2502 952 2679 989 munus,

235 1017 422 1062 animum
468 1015 650 1061 avellere
696 1030 722 1060 a
769 1016 896 1060 rebus
949 1017 1213 1061 terrestribus
1246 1030 1429 1075 eumque
1459 1017 1519 1060 ita
1549 1015 1727 1059 evehere
1742 1048 1753 1066 ,
1787 1023 1833 1058 ut
1863 1029 2018 1072 parvae
2052 1017 2282 1060 memoriae
2314 1018 2515 1062 scintillae
2528 1052 2539 1069 ,
2573 1033 2680 1077 quas

235 1097 280 1140 in
310 1096 421 1140 hanc
452 1095 582 1139 vitam
613 1095 869 1140 adduximus
883 1128 895 1146 ,
940 1096 1092 1140 iterum
1126 1097 1427 1145 exardescant,
1458 1109 1545 1154 quo
1577 1096 1689 1139 facto
1721 1096 2068 1152 praeparabimur
2101 1096 2154 1140 ad
2185 1096 2313 1141 vitam
2347 1097 2530 1140 divinam
2563 1098 2681 1141 idea-

235 1189 418 1236 rumque
446 1174 681 1219 intuitionis
711 1175 973 1234 participem.

301 1256 446 1307 Quum
493 1261 635 1299 tamen
684 1261 799 1299 totus
839 1256 1020 1300 mundus
1065 1263 1230 1301 creatus
1277 1256 1331 1300 sit
1377 1256 1431 1300 ad
1475 1256 1715 1313 exemplum
1747 1255 1957 1306 idearum,
2005 1255 2153 1300 harum
2185 1256 2373 1315 cognitio
2406 1258 2554 1302 unicus
2587 1258 2682 1301 sons

236 1342 325 1387 est,
356 1350 444 1395 quo
477 1335 531 1380 de
561 1336 723 1394 majore
758 1335 974 1379 minoreve
1006 1336 1161 1380 virtute
1190 1349 1337 1380 rerum
1368 1334 1558 1379 omnium
1573 1334 1764 1394 judicare
1784 1335 2010 1392 possimus.
2075 1335 2296 1387 Quatenus
2319 1339 2593 1396 caeteroquin
2611 1353 2680 1382 res

233 1422 456 1460 terrestres
487 1415 629 1460 fideles
664 1429 716 1460 an
750 1428 928 1473 prorsus
964 1421 1188 1474 corruptae
1218 1415 1425 1474 imagines
1457 1414 1648 1458 idearum
1681 1414 1784 1465 sint,
1818 1421 2024 1472 quatenus
2058 1429 2113 1458 ex
2143 1415 2223 1458 illis
2245 1415 2368 1460 liceat
2391 1416 2445 1460 de
2464 1416 2531 1460 his
2552 1417 2677 1460 nobis

235 1494 481 1552 opinionem
533 1495 762 1538 informare
776 1526 789 1546 ,
835 1494 938 1537 deus
992 1495 1105 1538 solus
1150 1494 1381 1554 dijudicare
1427 1499 1583 1552 potest.
1645 1493 1726 1536 Hic
1757 1493 1868 1536 enim
1899 1494 1941 1536 in
1974 1494 2150 1538 materia
2181 1495 2295 1539 ideas
2328 1495 2513 1546 effinxit,
2564 1497 2681 1555 quod

236 1588 495 1633 quamquam
542 1588 622 1631 pro
665 1573 825 1618 viribus
874 1587 1002 1632 quam
1049 1573 1363 1619 accuratissime
1410 1581 1453 1618 et
1499 1573 1801 1631 perfectissime
1844 1580 2012 1630 poterat
2058 1574 2183 1626 fecit,
2233 1575 2421 1619 defectus
2453 1583 2496 1619 et
2530 1583 2682 1620 natura

232 1668 475 1714 repugnans
505 1653 707 1699 materiae
741 1668 839 1698 eum
870 1652 1107 1712 impedivit,
1141 1653 1368 1712 quominus
1401 1653 1566 1699 fidelem
1599 1653 1743 1697 mundi
1775 1653 1965 1697 idearum
1995 1653 2219 1711 imaginem
2251 1654 2295 1698 in
2315 1656 2491 1700 materia
2513 1663 2682 1702 terrena

234 1740 585 1792 repraesentaret.

297 1814 387 1858 Nos
418 1813 625 1859 memoria
655 1827 711 1858 ex
741 1814 827 1859 vita
860 1814 930 1859 illa
961 1814 1221 1859 antecedenti
1245 1814 1395 1859 'divina
1428 1813 1561 1873 adjuti
1595 1813 1717 1857 unice
1751 1813 1953 1857 sentimus
1966 1846 1977 1864 ,
2023 1814 2152 1872 idque
2181 1814 2269 1858 fere
2301 1815 2392 1859 sine
2423 1817 2682 1862 conscientia

232 1894 371 1938 nostri
385 1926 399 1944 ,
445 1907 514 1938 res
544 1899 768 1937 terrestres
800 1893 927 1951 longe
960 1908 986 1938 a
1016 1894 1202 1952 perfecto
1235 1893 1405 1938 distare.
1469 1894 1553 1937 Res
1586 1893 1696 1937 inter
1728 1907 1772 1936 se
1805 1892 2037 1938 simillimas
2070 1894 2284 1944 videntes,
2317 1901 2457 1940 tamen
2489 1897 2681 1941 animad-

235 1973 439 2018 vertimus
469 1973 579 2017 inter
611 1986 683 2017 eas
715 1971 938 2017 discrimen
953 2006 965 2024 ,
1015 1972 1205 2032 quamvis
1238 1987 1470 2032 numquam
1501 1973 1731 2030 perfectam
1765 1971 2078 2017 similitudinem
2111 1973 2427 2032 adspexerimus
2440 2009 2451 2025 ‚
2500 1990 2682 2035 eamque

234 2068 412 2112 prorsus
443 2052 738 2112 ignoraremus
752 2086 765 2104 ,
812 2052 895 2097 nisi
926 2054 1130 2097 memoria
1159 2068 1239 2097 nos
1272 2053 1468 2103 doceret,
1519 2053 1832 2097 similitudinem
1864 2054 2092 2111 perfectam
2125 2055 2352 2105 exsistere,
2400 2071 2509 2114 quae
2540 2065 2681 2101 tamen

238 2134 374 2194 qualis
405 2133 460 2178 sit
489 2149 577 2178 non
610 2134 789 2191 amplius
822 2134 1059 2178 describere
1090 2134 1155 2177 vel
1187 2134 1373 2191 cogitare
1404 2135 1607 2178 valemuS.
1684 2134 1800 2177 Idem
1834 2134 2058 2177 dicendum
2089 2134 2141 2177 de
2174 2135 2263 2178 aliis
2296 2135 2423 2179 rebus
2440 2169 2451 2187 ‚
2500 2137 2552 2180 de
2584 2139 2682 2195 pul·

236 2214 348 2258 chris
381 2229 422 2257 v.
456 2230 492 2258 c.
558 2213 678 2258 Licet
709 2215 799 2258 veri
830 2214 994 2271 pulchri
1014 2215 1229 2258 notionem
1252 2213 1514 2257 amiserimus
1527 2247 1539 2265 ‚
1572 2221 1713 2257 tamen
1733 2213 1974 2257 recordatio
1997 2214 2087 2272 ejus
2108 2221 2281 2258 eatenus
2303 2223 2533 2261 renovatur
2554 2217 2681 2261 rebus

232 2294 419 2353 pulchris
451 2294 507 2338 ob
540 2295 691 2338 oculos
723 2294 1008 2345 versantibus,
1057 2301 1105 2337 ut
1137 2308 1207 2337 eas
1241 2294 1294 2337 ad
1325 2293 1439 2337 illam
1471 2293 1559 2336 veri
1591 2293 1758 2351 pulchn‘
1789 2293 1927 2338 ideam
1959 2293 2254 2349 dijudicemuS,
2307 2302 2348 2338 et
2382 2296 2505 2353 quasi
2536 2297 2679 2340 animo

232 2375 470 2426 metiamur,
519 2382 725 2435 quantum
773 2390 799 2419 a
847 2376 1035 2434 perfecto
1082 2375 1255 2433 pulchro
1306 2374 1456 2417 absint.
1519 2373 1680 2416 Haeret
1725 2374 1854 2432 igitur
1901 2374 1943 2417 in
1992 2375 2140 2418 animis
2173 2375 2353 2419 obscura
2392 2377 2480 2419 veri
2511 2377 2678 2434 pulchri

230 2455 569 2506 reminiscentia;
614 2456 658 2500 id
702 2471 806 2499 vero
840 2456 1076 2500 describere
1108 2455 1271 2498 divinae
1301 2469 1388 2497 non
1420 2454 1629 2498 humanae
1664 2454 1894 2511 sapientiae
1928 2462 2005 2498 est.
2067 2456 2163 2498 Hoc
2193 2456 2316 2499 unice
2350 2464 2538 2508 constat,
2586 2473 2678 2505 res,

231 2548 338 2593 quas
383 2535 581 2594 pulchras
626 2536 835 2585 dicamus,
879 2536 1200 2594 participatione
1237 2533 1345 2578 illius
1383 2534 1470 2577 veri
1509 2533 1675 2591 pulchri
1718 2534 1939 2579 amabilem
1982 2542 2229 2594 gratamque
2265 2536 2444 2581 formam
2477 2537 2675 2588 iuduere,

231 2614 428 2673 pulchras
461 2623 504 2660 et
533 2617 650 2675 ipsas
682 2616 786 2660 fieri.

293 2695 442 2756 Neque
487 2697 591 2742 illud
642 2711 791 2741 verum
825 2696 1062 2755 {pulchrum
1110 2694 1271 2753 sejungi
1314 2699 1454 2750 potest
1495 2693 1547 2737 ab
1579 2694 1685 2737 ideis
1718 2695 1808 2738 veri
1840 2702 1882 2737 et
1913 2695 2040 2746 boni,
2090 2696 2246 2753 quippe
2275 2710 2409 2754 quum
2439 2697 2484 2740 in
2516 2699 2675 2741 mundo

230 2775 422 2820 idearum
454 2790 645 2822 summus
677 2791 932 2828 cousensus,
964 2776 1078 2820 nulla
1107 2773 1383 2832 repugnantia
1414 2773 1536 2816 adsit.
1600 2774 1702 2817 Ideo
1738 2781 1780 2818 et
1808 2775 2031 2832 pulchrum
2055 2782 2252 2818 terrestre
2272 2775 2326 2819 ad
2345 2775 2458 2820 illius
2480 2791 2673 2823 normam

230 2854 414 2899 effictum
445 2871 584 2917 neque
615 2857 732 2902 bono
765 2857 949 2909 carebit,
983 2857 1063 2900 erit
1096 2869 1263 2913 semper
1294 2852 1396 2897 utile
1429 2851 1668 2906 (ὠφέλιμον).

295 2935 438 2987 Quum
469 2951 575 2981 vero
605 2938 717 2982 inter
747 2937 865 2983 ideas
881 2970 893 2990 ,
928 2952 1024 2981 cum
1056 2949 1221 2980 summa
1252 2933 1527 2992 congruentia
1559 2940 1602 2976 et
1632 2933 1878 2982 harmonia,
1911 2941 2049 2978 tamen
2081 2933 2267 2977 maxima
2286 2935 2678 2995 perfectissimaque

230 3016 411 3060 varietas
458 3002 671 3069 obtineat,
719 3018 840 3062 ideae
882 3017 1072 3076 pulchri,
1116 3016 1204 3059 veri
1218 3047 1229 3065 ,
1274 3014 1375 3057 boni
1406 3014 1529 3072 plane
1563 3028 1588 3056 a
1621 3027 1667 3056 se
1702 3013 1922 3057 distinctae
1954 3020 2085 3057 erunt.
2154 3013 2314 3057 Omnes
2348 3029 2480 3059 unum
2512 3017 2680 3074 perfec-

232 3094 441 3140 tissimum
482 3096 567 3142 alio
599 3098 802 3157 adspectu
835 3097 1082 3143 absolvunt:
1126 3095 1163 3139 si
1191 3094 1352 3138 bonum
1383 3092 1554 3153 respicit
1588 3092 1642 3136 ad
1673 3093 2002 3151 perfectissimos
2036 3093 2233 3145 effectus,
2265 3093 2319 3137 ad
2353 3108 2562 3140 summam
2594 3098 2681 3144 uti-

228 3162 415 3227 litatem,
447 3189 596 3221 verum
628 3178 683 3223 ad
714 3178 982 3226 existentiam
1011 3176 1313 3224 immutabilem
1346 3182 1387 3218 et
1419 3180 1680 3217 constantem
1695 3205 1707 3223 ,
1740 3173 1965 3231 pulchrum
1997 3173 2264 3218 referendum
2297 3182 2362 3219 est
2394 3176 2447 3219 ad
2473 3176 2680 3231 formam,
