<?xml version="1.0" encoding="UTF-8"?>
<!DOCTYPE html PUBLIC "-//W3C//DTD XHTML 1.0 Transitional//EN"
    "http://www.w3.org/TR/xhtml1/DTD/xhtml1-transitional.dtd">
<html xmlns="http://www.w3.org/1999/xhtml" xml:lang="en" lang="en">
 <head>
  <title>
</title>
<meta http-equiv="Content-Type" content="text/html;charset=utf-8" />
  <meta name='ocr-system' content='tesseract 3.04.00' />
  <meta name='ocr-capabilities' content='ocr_page ocr_carea ocr_par ocr_line ocrx_word'/>
</head>
<body>
  <div class='ocr_page' id='page_1' title='image "4777705_0017.png"; bbox 0 0 3014 3706; ppageno 0'>
   <div class='ocr_carea' id='block_1_1' title="bbox 1473 223 1543 275">
    <p class='ocr_par' dir='ltr' id='par_1_1' title="bbox 1473 223 1543 275">
     <span class='ocr_line' id='line_1_1' title="bbox 1473 223 1543 275; baseline 0 0"><span class='ocrx_word' id='word_1_1' title='bbox 1473 223 1543 275; x_wconf 90' lang='lat'><strong>10</strong></span> 
     </span>
    </p>
   </div>
   <div class='ocr_carea' id='block_1_2' title="bbox 261 363 2725 2423">
    <p class='ocr_par' dir='ltr' id='par_1_2' title="bbox 272 363 2725 428">
     <span class='ocr_line' id='line_1_2' title="bbox 272 363 2725 428; baseline 0.001 -18.064"><span class='ocrx_word' id='word_1_2' title='bbox 272 364 484 424; x_wconf 83' lang='lat' dir='ltr'><strong>„hahere</strong></span> <span class='ocrx_word' id='word_1_3' title='bbox 497 395 509 416; x_wconf 91' lang='lat'><strong>,</strong></span> <span class='ocrx_word' id='word_1_4' title='bbox 557 363 730 411; x_wconf 87' lang='lat' dir='ltr'><strong>minime</strong></span> <span class='ocrx_word' id='word_1_5' title='bbox 778 365 914 410; x_wconf 85' lang='lat' dir='ltr'><strong>simile</strong></span> <span class='ocrx_word' id='word_1_6' title='bbox 956 366 1159 426; x_wconf 85' lang='lat' dir='ltr'><strong>jucundis</strong></span> <span class='ocrx_word' id='word_1_7' title='bbox 1204 379 1408 413; x_wconf 82' lang='lat' dir='ltr'><strong>sensuum</strong></span> <span class='ocrx_word' id='word_1_8' title='bbox 1439 365 1772 417; x_wconf 72' lang='lat' dir='ltr'><strong>titillationibus3</strong></span> <span class='ocrx_word' id='word_1_9' title='bbox 1819 367 1986 413; x_wconf 85' lang='lat' dir='ltr'><strong>colores</strong></span> <span class='ocrx_word' id='word_1_10' title='bbox 2018 367 2119 412; x_wconf 82' lang='lat' dir='ltr'><strong>item</strong></span> <span class='ocrx_word' id='word_1_11' title='bbox 2149 367 2298 413; x_wconf 77' lang='lat' dir='ltr'><strong>eadem</strong></span> <span class='ocrx_word' id='word_1_12' title='bbox 2327 368 2493 414; x_wconf 80' lang='lat' dir='ltr'><strong>ratione</strong></span> <span class='ocrx_word' id='word_1_13' title='bbox 2524 366 2725 428; x_wconf 71' lang='lat' dir='ltr'><strong>pulchros</strong></span> 
     </span>
    </p>

    <p class='ocr_par' dir='ltr' id='par_1_3' title="bbox 270 445 923 515">
     <span class='ocr_line' id='line_1_3' title="bbox 270 445 923 515; baseline -0.002 -25.904"><span class='ocrx_word' id='word_1_14' title='bbox 270 452 455 510; x_wconf 77' lang='lat' dir='ltr'><strong>„atque</strong></span> <span class='ocrx_word' id='word_1_15' title='bbox 483 452 631 515; x_wconf 73' lang='lat' dir='ltr'><strong>gratos</strong></span> <span class='ocrx_word' id='word_1_16' title='bbox 663 458 757 489; x_wconf 83' lang='lat' dir='ltr'><strong>esse</strong></span> <span class='ocrx_word' id='word_1_17' title='bbox 788 445 923 489; x_wconf 56' lang='lat' dir='ltr'><strong>dico?</strong></span> 
     </span>
    </p>

    <p class='ocr_par' dir='ltr' id='par_1_4' title="bbox 268 525 2725 666">
     <span class='ocr_line' id='line_1_4' title="bbox 322 525 2725 619; baseline 0.002 -50.018"><span class='ocrx_word' id='word_1_18' title='bbox 322 525 565 570; x_wconf 84' lang='lat' dir='ltr'><strong>Pulchrum</strong></span> <span class='ocrx_word' id='word_1_19' title='bbox 609 525 755 584; x_wconf 83' lang='lat' dir='ltr'><strong>itaque</strong></span> <span class='ocrx_word' id='word_1_20' title='bbox 802 532 846 570; x_wconf 87' lang='lat' dir='ltr'><strong>et</strong></span> <span class='ocrx_word' id='word_1_21' title='bbox 891 525 975 570; x_wconf 88' lang='lat' dir='ltr'><strong>boc</strong></span> <span class='ocrx_word' id='word_1_22' title='bbox 1021 526 1122 571; x_wconf 87' lang='lat' dir='ltr'><strong>loco</strong></span> <span class='ocrx_word' id='word_1_23' title='bbox 1170 527 1353 571; x_wconf 81' lang='lat' dir='ltr'><strong>refertur</strong></span> <span class='ocrx_word' id='word_1_24' title='bbox 1400 527 1453 572; x_wconf 87' lang='lat' dir='ltr'><strong>ad</strong></span> <span class='ocrx_word' id='word_1_25' title='bbox 1492 528 1731 619; x_wconf 84' lang='lat' dir='ltr'><strong>jucundum</strong></span> <span class='ocrx_word' id='word_1_26' title='bbox 1779 534 2001 588; x_wconf 80' lang='lat' dir='ltr'><strong>gratumve</strong></span> <span class='ocrx_word' id='word_1_27' title='bbox 2046 527 2270 572; x_wconf 80' lang='lat' dir='ltr'><strong>oculorum</strong></span> <span class='ocrx_word' id='word_1_28' title='bbox 2300 534 2345 573; x_wconf 80' lang='lat' dir='ltr'><strong>et</strong></span> <span class='ocrx_word' id='word_1_29' title='bbox 2374 526 2438 586; x_wconf 86' lang='grc'><strong>(111</strong></span> <span class='ocrx_word' id='word_1_30' title='bbox 2470 542 2496 573; x_wconf 87' lang='grc'><strong>0</strong></span> <span class='ocrx_word' id='word_1_31' title='bbox 2526 526 2725 588; x_wconf 80' lang='lat' dir='ltr'><strong>proxime</strong></span> 
     </span>
     <span class='ocr_line' id='line_1_5' title="bbox 268 603 1128 666; baseline 0.001 -16"><span class='ocrx_word' id='word_1_32' title='bbox 268 603 544 666; x_wconf 77' lang='lat' dir='ltr'><strong>sequentibus</strong></span> <span class='ocrx_word' id='word_1_33' title='bbox 575 603 710 666; x_wconf 86' lang='lat' dir='ltr'><strong>patet)</strong></span> <span class='ocrx_word' id='word_1_34' title='bbox 741 603 910 659; x_wconf 78' lang='lat' dir='ltr'><strong>aur-ium</strong></span> <span class='ocrx_word' id='word_1_35' title='bbox 941 618 1128 651; x_wconf 81' lang='lat' dir='ltr'><strong>sensum.</strong></span> 
     </span>
    </p>

    <p class='ocr_par' dir='ltr' id='par_1_5' title="bbox 262 671 2722 1225">
     <span class='ocr_line' id='line_1_6' title="bbox 332 671 2720 748; baseline 0 -16"><span class='ocrx_word' id='word_1_36' title='bbox 332 687 390 732; x_wconf 82' lang='lat' dir='ltr'><strong>At</strong></span> <span class='ocrx_word' id='word_1_37' title='bbox 420 697 548 732; x_wconf 85' lang='lat' dir='ltr'><strong>nemo</strong></span> <span class='ocrx_word' id='word_1_38' title='bbox 581 690 668 737; x_wconf 87' lang='grc'><strong>051,</strong></span> <span class='ocrx_word' id='word_1_39' title='bbox 699 684 802 745; x_wconf 91' lang='lat' dir='ltr'><strong>quin</strong></span> <span class='ocrx_word' id='word_1_40' title='bbox 824 685 1116 745; x_wconf 76' lang='lat' dir='ltr'>perspexerit,</span> <span class='ocrx_word' id='word_1_41' title='bbox 1149 687 1360 748; x_wconf 88' lang='lat' dir='ltr'><strong>ejusmodi</strong></span> <span class='ocrx_word' id='word_1_42' title='bbox 1381 687 1741 734; x_wconf 75' lang='lat' dir='ltr'><strong>enuntiationibus</strong></span> <span class='ocrx_word' id='word_1_43' title='bbox 1761 687 1983 733; x_wconf 90' lang='lat' dir='ltr'><strong>notionem</strong></span> <span class='ocrx_word' id='word_1_44' title='bbox 2000 686 2165 746; x_wconf 79' lang='lat' dir='ltr'><strong>pulchri</strong></span> <span class='ocrx_word' id='word_1_45' title='bbox 2185 671 2356 733; x_wconf 86' lang='lat' dir='ltr'><strong>minime</strong></span> <span class='ocrx_word' id='word_1_46' title='bbox 2376 685 2589 734; x_wconf 79' lang='lat' dir='ltr'><strong>definitam</strong></span> <span class='ocrx_word' id='word_1_47' title='bbox 2609 700 2720 733; x_wconf 84' lang='lat' dir='ltr'><strong>esse.</strong></span> 
     </span>
     <span class='ocr_line' id='line_1_7' title="bbox 269 765 2722 829; baseline 0.001 -19"><span class='ocrx_word' id='word_1_48' title='bbox 269 765 513 810; x_wconf 83' lang='lat' dir='ltr'><strong>Jucundum</strong></span> <span class='ocrx_word' id='word_1_49' title='bbox 545 772 800 824; x_wconf 78' lang='lat' dir='ltr'><strong>gratumque</strong></span> <span class='ocrx_word' id='word_1_50' title='bbox 832 765 1025 810; x_wconf 80' lang='lat' dir='ltr'><strong>sensibus</strong></span> <span class='ocrx_word' id='word_1_51' title='bbox 1059 772 1124 810; x_wconf 89' lang='lat' dir='ltr'><strong>est</strong></span> <span class='ocrx_word' id='word_1_52' title='bbox 1156 768 1338 829; x_wconf 61' lang='lat' dir='ltr'><strong>effectas,</strong></span> <span class='ocrx_word' id='word_1_53' title='bbox 1370 783 1497 828; x_wconf 91' lang='lat' dir='ltr'><strong>quem</strong></span> <span class='ocrx_word' id='word_1_54' title='bbox 1530 768 1709 828; x_wconf 73' lang='lat' dir='ltr'><strong>qualitas</strong></span> <span class='ocrx_word' id='word_1_55' title='bbox 1741 783 1906 820; x_wconf 87' lang='lat' dir='ltr'><strong>rerum,</strong></span> <span class='ocrx_word' id='word_1_56' title='bbox 1940 781 2069 827; x_wconf 80' lang='lat' dir='ltr'><strong>quam</strong></span> <span class='ocrx_word' id='word_1_57' title='bbox 2099 765 2452 827; x_wconf 85' lang='lat' dir='ltr'><strong>pulchritudinem</strong></span> <span class='ocrx_word' id='word_1_58' title='bbox 2490 781 2722 821; x_wconf 80' lang='lat' dir='ltr'><strong>vocamus,</strong></span> 
     </span>
     <span class='ocr_line' id='line_1_8' title="bbox 269 839 2721 907; baseline 0.002 -18"><span class='ocrx_word' id='word_1_59' title='bbox 269 845 418 905; x_wconf 78' lang='lat' dir='ltr'><strong>gignit.</strong></span> <span class='ocrx_word' id='word_1_60' title='bbox 497 846 603 889; x_wconf 90' lang='grc'><strong>110111</strong></span> <span class='ocrx_word' id='word_1_61' title='bbox 636 845 738 890; x_wconf 89' lang='grc'><strong>111110</strong></span> <span class='ocrx_word' id='word_1_62' title='bbox 770 845 1066 890; x_wconf 88' lang='lat' dir='ltr'><strong>tantummodo</strong></span> <span class='ocrx_word' id='word_1_63' title='bbox 1097 846 1258 904; x_wconf 90' lang='lat' dir='ltr'><strong>aliquid</strong></span> <span class='ocrx_word' id='word_1_64' title='bbox 1289 853 1468 892; x_wconf 85' lang='lat' dir='ltr'><strong>vocatur</strong></span> <span class='ocrx_word' id='word_1_65' title='bbox 1484 879 1496 898; x_wconf 89' lang='lat'><strong>,</strong></span> <span class='ocrx_word' id='word_1_66' title='bbox 1541 848 1577 892; x_wconf 90' lang='lat' dir='ltr'><strong>si</strong></span> <span class='ocrx_word' id='word_1_67' title='bbox 1608 841 1747 899; x_wconf 87' lang='lat' dir='ltr'><strong>hona,</strong></span> <span class='ocrx_word' id='word_1_68' title='bbox 1779 860 1965 907; x_wconf 86' lang='lat' dir='ltr'><strong>quorum</strong></span> <span class='ocrx_word' id='word_1_69' title='bbox 1997 860 2125 892; x_wconf 85' lang='lat' dir='ltr'><strong>causa</strong></span> <span class='ocrx_word' id='word_1_70' title='bbox 2155 839 2220 892; x_wconf 82' lang='lat' dir='ltr'><strong>est</strong></span> <span class='ocrx_word' id='word_1_71' title='bbox 2235 878 2248 898; x_wconf 88' lang='lat'><strong>,</strong></span> <span class='ocrx_word' id='word_1_72' title='bbox 2279 847 2540 905; x_wconf 76' lang='lat' dir='ltr'><strong>respicimus.</strong></span> <span class='ocrx_word' id='word_1_73' title='bbox 2604 846 2721 900; x_wconf 86' lang='lat' dir='ltr'><strong>Quid</strong></span> 
     </span>
     <span class='ocr_line' id='line_1_9' title="bbox 272 923 2722 985; baseline 0.001 -16"><span class='ocrx_word' id='word_1_74' title='bbox 272 924 330 970; x_wconf 89' lang='lat' dir='ltr'><strong>sit</strong></span> <span class='ocrx_word' id='word_1_75' title='bbox 376 924 504 976; x_wconf 89' lang='lat' dir='ltr'><strong>illud,</strong></span> <span class='ocrx_word' id='word_1_76' title='bbox 549 924 667 983; x_wconf 89' lang='lat' dir='ltr'><strong>quod</strong></span> <span class='ocrx_word' id='word_1_77' title='bbox 715 930 757 969; x_wconf 88' lang='lat' dir='ltr'><strong>et</strong></span> <span class='ocrx_word' id='word_1_78' title='bbox 792 924 1031 983; x_wconf 87' lang='lat' dir='ltr'><strong>jucundum</strong></span> <span class='ocrx_word' id='word_1_79' title='bbox 1064 938 1233 970; x_wconf 89' lang='lat' dir='ltr'><strong>sensum</strong></span> <span class='ocrx_word' id='word_1_80' title='bbox 1273 933 1314 970; x_wconf 90' lang='lat' dir='ltr'><strong>et</strong></span> <span class='ocrx_word' id='word_1_81' title='bbox 1344 925 1462 971; x_wconf 89' lang='lat' dir='ltr'><strong>utilia</strong></span> <span class='ocrx_word' id='word_1_82' title='bbox 1492 925 1562 971; x_wconf 90' lang='lat' dir='ltr'><strong>illa</strong></span> <span class='ocrx_word' id='word_1_83' title='bbox 1595 923 1775 977; x_wconf 88' lang='lat' dir='ltr'><strong>efficiat,</strong></span> <span class='ocrx_word' id='word_1_84' title='bbox 1821 923 1994 970; x_wconf 89' lang='lat' dir='ltr'><strong>minime</strong></span> <span class='ocrx_word' id='word_1_85' title='bbox 2024 930 2293 984; x_wconf 85' lang='lat' dir='ltr'><strong>perspectum</strong></span> <span class='ocrx_word' id='word_1_86' title='bbox 2325 924 2552 978; x_wconf 81' lang='lat' dir='ltr'><strong>habemus,</strong></span> <span class='ocrx_word' id='word_1_87' title='bbox 2603 924 2722 985; x_wconf 89' lang='lat' dir='ltr'><strong>quod</strong></span> 
     </span>
     <span class='ocr_line' id='line_1_10' title="bbox 269 1004 2721 1065; baseline 0 -15"><span class='ocrx_word' id='word_1_88' title='bbox 269 1005 405 1063; x_wconf 80' lang='lat' dir='ltr'><strong>magis</strong></span> <span class='ocrx_word' id='word_1_89' title='bbox 441 1004 567 1049; x_wconf 88' lang='lat' dir='ltr'><strong>etiam</strong></span> <span class='ocrx_word' id='word_1_90' title='bbox 599 1010 740 1062; x_wconf 87' lang='lat' dir='ltr'><strong>patet,</strong></span> <span class='ocrx_word' id='word_1_91' title='bbox 788 1004 1082 1062; x_wconf 89' lang='lat' dir='ltr'><strong>reputantibus</strong></span> <span class='ocrx_word' id='word_1_92' title='bbox 1110 1005 1346 1064; x_wconf 89' lang='lat' dir='ltr'><strong>jucundum</strong></span> <span class='ocrx_word' id='word_1_93' title='bbox 1384 1012 1427 1051; x_wconf 89' lang='lat' dir='ltr'><strong>et</strong></span> <span class='ocrx_word' id='word_1_94' title='bbox 1456 1012 1624 1065; x_wconf 82' lang='lat' dir='ltr'><strong>gratum</strong></span> <span class='ocrx_word' id='word_1_95' title='bbox 1656 1019 1742 1049; x_wconf 91' lang='lat' dir='ltr'><strong>non</strong></span> <span class='ocrx_word' id='word_1_96' title='bbox 1775 1018 1870 1050; x_wconf 89' lang='grc'><strong>0550</strong></span> <span class='ocrx_word' id='word_1_97' title='bbox 1899 1005 1942 1049; x_wconf 86' lang='grc'><strong>10</strong></span> <span class='ocrx_word' id='word_1_98' title='bbox 1976 1005 2178 1065; x_wconf 84' lang='lat' dir='ltr'><strong>objectis,</strong></span> <span class='ocrx_word' id='word_1_99' title='bbox 2211 1020 2321 1065; x_wconf 85' lang='lat' dir='ltr'><strong>quae</strong></span> <span class='ocrx_word' id='word_1_100' title='bbox 2352 1004 2544 1050; x_wconf 76' lang='lat' dir='ltr'><strong>sensibus</strong></span> <span class='ocrx_word' id='word_1_101' title='bbox 2576 1006 2721 1065; x_wconf 84' lang='lat' dir='ltr'><strong>perci-</strong></span> 
     </span>
     <span class='ocr_line' id='line_1_11' title="bbox 267 1082 2721 1145; baseline 0.001 -16"><span class='ocrx_word' id='word_1_102' title='bbox 267 1083 463 1144; x_wconf 82' lang='lat' dir='ltr'><strong>piantur,</strong></span> <span class='ocrx_word' id='word_1_103' title='bbox 513 1082 587 1128; x_wconf 91' lang='lat' dir='ltr'><strong>sed</strong></span> <span class='ocrx_word' id='word_1_104' title='bbox 620 1082 664 1127; x_wconf 93' lang='lat' dir='ltr'><strong>in</strong></span> <span class='ocrx_word' id='word_1_105' title='bbox 704 1083 919 1144; x_wconf 73' lang='lat' dir='ltr'><strong>subiecto,</strong></span> <span class='ocrx_word' id='word_1_106' title='bbox 953 1083 1070 1144; x_wconf 90' lang='lat' dir='ltr'><strong>quod</strong></span> <span class='ocrx_word' id='word_1_107' title='bbox 1103 1083 1156 1129; x_wconf 84' lang='lat' dir='ltr'><strong>ab</strong></span> <span class='ocrx_word' id='word_1_108' title='bbox 1190 1083 1270 1130; x_wconf 90' lang='lat' dir='ltr'><strong>illis</strong></span> <span class='ocrx_word' id='word_1_109' title='bbox 1304 1084 1533 1137; x_wconf 77' lang='lat' dir='ltr'><strong>afficiatur:</strong></span> <span class='ocrx_word' id='word_1_110' title='bbox 1566 1098 1633 1130; x_wconf 88' lang='lat' dir='ltr'><strong>res</strong></span> <span class='ocrx_word' id='word_1_111' title='bbox 1667 1090 1867 1131; x_wconf 78' lang='lat' dir='ltr'><strong>externae</strong></span> <span class='ocrx_word' id='word_1_112' title='bbox 1899 1098 1986 1131; x_wconf 93' lang='lat' dir='ltr'><strong>non</strong></span> <span class='ocrx_word' id='word_1_113' title='bbox 2019 1090 2119 1132; x_wconf 89' lang='lat' dir='ltr'><strong>sunt</strong></span> <span class='ocrx_word' id='word_1_114' title='bbox 2143 1084 2357 1145; x_wconf 87' lang='lat' dir='ltr'><strong>jucundae</strong></span> <span class='ocrx_word' id='word_1_115' title='bbox 2386 1090 2644 1145; x_wconf 80' lang='lat' dir='ltr'><strong>grataeque,</strong></span> <span class='ocrx_word' id='word_1_116' title='bbox 2676 1091 2721 1133; x_wconf 88' lang='lat' dir='ltr'><strong>at</strong></span> 
     </span>
     <span class='ocr_line' id='line_1_12' title="bbox 262 1162 1196 1225; baseline -0.001 -15"><span class='ocrx_word' id='word_1_117' title='bbox 262 1164 308 1210; x_wconf 92' lang='lat' dir='ltr'><strong>in</strong></span> <span class='ocrx_word' id='word_1_118' title='bbox 338 1164 464 1209; x_wconf 93' lang='lat' dir='ltr'><strong>nobis</strong></span> <span class='ocrx_word' id='word_1_119' title='bbox 496 1164 682 1209; x_wconf 87' lang='lat' dir='ltr'><strong>excitant</strong></span> <span class='ocrx_word' id='word_1_120' title='bbox 712 1170 880 1223; x_wconf 85' lang='lat' dir='ltr'><strong>gratum</strong></span> <span class='ocrx_word' id='word_1_121' title='bbox 911 1177 1082 1208; x_wconf 89' lang='lat' dir='ltr'><strong>sensum</strong></span> <span class='ocrx_word' id='word_1_122' title='bbox 1116 1162 1196 1225; x_wconf 86' lang='grc'><strong>(1).</strong></span> 
     </span>
    </p>

    <p class='ocr_par' dir='ltr' id='par_1_6' title="bbox 262 1242 2721 1449">
     <span class='ocr_line' id='line_1_13' title="bbox 329 1242 2721 1305; baseline 0.001 -16"><span class='ocrx_word' id='word_1_123' title='bbox 329 1244 439 1290; x_wconf 82' lang='grc'><strong>11100</strong></span> <span class='ocrx_word' id='word_1_124' title='bbox 472 1244 628 1297; x_wconf 87' lang='lat' dir='ltr'><strong>verba,</strong></span> <span class='ocrx_word' id='word_1_125' title='bbox 668 1258 778 1302; x_wconf 89' lang='lat' dir='ltr'><strong>quae</strong></span> <span class='ocrx_word' id='word_1_126' title='bbox 812 1242 962 1289; x_wconf 91' lang='lat' dir='ltr'><strong>ultimo</strong></span> <span class='ocrx_word' id='word_1_127' title='bbox 995 1243 1095 1289; x_wconf 91' lang='lat' dir='ltr'><strong>loco</strong></span> <span class='ocrx_word' id='word_1_128' title='bbox 1127 1244 1355 1296; x_wconf 82' lang='lat' dir='ltr'><strong>vertimuS,</strong></span> <span class='ocrx_word' id='word_1_129' title='bbox 1391 1244 1619 1303; x_wconf 89' lang='lat' dir='ltr'><strong>plurimum</strong></span> <span class='ocrx_word' id='word_1_130' title='bbox 1651 1245 1811 1291; x_wconf 86' lang='lat' dir='ltr'><strong>faciunt</strong></span> <span class='ocrx_word' id='word_1_131' title='bbox 1840 1245 1892 1291; x_wconf 90' lang='lat' dir='ltr'><strong>ad</strong></span> <span class='ocrx_word' id='word_1_132' title='bbox 1926 1244 2230 1296; x_wconf 81' lang='lat' dir='ltr'><strong>definiendum,</strong></span> <span class='ocrx_word' id='word_1_133' title='bbox 2262 1260 2400 1305; x_wconf 87' lang='lat' dir='ltr'><strong>quae,</strong></span> <span class='ocrx_word' id='word_1_134' title='bbox 2446 1260 2501 1291; x_wconf 84' lang='lat' dir='ltr'><strong>ex</strong></span> <span class='ocrx_word' id='word_1_135' title='bbox 2534 1246 2721 1292; x_wconf 78' lang='lat' dir='ltr'><strong>Platonis</strong></span> 
     </span>
     <span class='ocr_line' id='line_1_14' title="bbox 265 1323 2717 1385; baseline 0 -15"><span class='ocrx_word' id='word_1_136' title='bbox 265 1324 500 1375; x_wconf 87' lang='lat' dir='ltr'><strong>sententia,</strong></span> <span class='ocrx_word' id='word_1_137' title='bbox 534 1324 588 1369; x_wconf 91' lang='lat' dir='ltr'><strong>sit</strong></span> <span class='ocrx_word' id='word_1_138' title='bbox 618 1324 688 1369; x_wconf 89' lang='lat' dir='ltr'><strong>illa</strong></span> <span class='ocrx_word' id='word_1_139' title='bbox 718 1339 862 1368; x_wconf 89' lang='lat' dir='ltr'><strong>rerum</strong></span> <span class='ocrx_word' id='word_1_140' title='bbox 896 1323 1104 1382; x_wconf 82' lang='lat' dir='ltr'><strong>qualitaS,</strong></span> <span class='ocrx_word' id='word_1_141' title='bbox 1139 1340 1223 1384; x_wconf 91' lang='lat' dir='ltr'><strong>qua</strong></span> <span class='ocrx_word' id='word_1_142' title='bbox 1248 1324 1452 1384; x_wconf 89' lang='lat' dir='ltr'><strong>jucundi,</strong></span> <span class='ocrx_word' id='word_1_143' title='bbox 1486 1326 1560 1370; x_wconf 88' lang='lat' dir='ltr'><strong>sed</strong></span> <span class='ocrx_word' id='word_1_144' title='bbox 1593 1325 1718 1371; x_wconf 88' lang='lat' dir='ltr'><strong>etiam</strong></span> <span class='ocrx_word' id='word_1_145' title='bbox 1750 1324 1853 1369; x_wconf 93' lang='lat' dir='ltr'><strong>boni</strong></span> <span class='ocrx_word' id='word_1_146' title='bbox 1886 1324 2096 1385; x_wconf 85' lang='lat' dir='ltr'><strong>utilesque</strong></span> <span class='ocrx_word' id='word_1_147' title='bbox 2128 1323 2256 1370; x_wconf 88' lang='lat' dir='ltr'><strong>animi</strong></span> <span class='ocrx_word' id='word_1_148' title='bbox 2290 1331 2431 1369; x_wconf 89' lang='lat' dir='ltr'><strong>motus</strong></span> <span class='ocrx_word' id='word_1_149' title='bbox 2463 1340 2541 1384; x_wconf 90' lang='lat' dir='ltr'><strong>per</strong></span> <span class='ocrx_word' id='word_1_150' title='bbox 2579 1325 2717 1371; x_wconf 87' lang='lat' dir='ltr'><strong>visum</strong></span> 
     </span>
     <span class='ocr_line' id='line_1_15' title="bbox 262 1404 808 1449; baseline -0.004 0"><span class='ocrx_word' id='word_1_151' title='bbox 262 1411 307 1449; x_wconf 86' lang='lat' dir='ltr'><strong>et</strong></span> <span class='ocrx_word' id='word_1_152' title='bbox 339 1404 529 1449; x_wconf 89' lang='lat' dir='ltr'><strong>auditum</strong></span> <span class='ocrx_word' id='word_1_153' title='bbox 562 1404 808 1448; x_wconf 83' lang='lat' dir='ltr'><strong>efficiantur.</strong></span> 
     </span>
    </p>

    <p class='ocr_par' dir='ltr' id='par_1_7' title="bbox 262 1483 2719 1862">
     <span class='ocr_line' id='line_1_16' title="bbox 328 1483 2718 1540; baseline 0 -13"><span class='ocrx_word' id='word_1_154' title='bbox 328 1484 398 1527; x_wconf 83' lang='lat' dir='ltr'><strong>Ait</strong></span> <span class='ocrx_word' id='word_1_155' title='bbox 448 1484 558 1527; x_wconf 89' lang='lat' dir='ltr'><strong>enim</strong></span> <span class='ocrx_word' id='word_1_156' title='bbox 609 1483 911 1540; x_wconf 88' lang='lat' dir='ltr'><strong>philosophus,</strong></span> <span class='ocrx_word' id='word_1_157' title='bbox 960 1484 1002 1526; x_wconf 92' lang='lat' dir='ltr'><strong>in</strong></span> <span class='ocrx_word' id='word_1_158' title='bbox 1036 1483 1287 1527; x_wconf 82' lang='lat' dir='ltr'><strong>animalibus</strong></span> <span class='ocrx_word' id='word_1_159' title='bbox 1321 1500 1395 1527; x_wconf 91' lang='grc'><strong>5011</strong></span> <span class='ocrx_word' id='word_1_160' title='bbox 1428 1485 1533 1528; x_wconf 89' lang='lat' dir='ltr'><strong>vivis</strong></span> <span class='ocrx_word' id='word_1_161' title='bbox 1565 1500 1638 1527; x_wconf 90' lang='lat' dir='ltr'><strong>seu</strong></span> <span class='ocrx_word' id='word_1_162' title='bbox 1670 1486 1790 1540; x_wconf 87' lang='lat' dir='ltr'><strong>pictis</strong></span> <span class='ocrx_word' id='word_1_163' title='bbox 1823 1500 1917 1527; x_wconf 88' lang='lat' dir='ltr'><strong>esse</strong></span> <span class='ocrx_word' id='word_1_164' title='bbox 1948 1500 2064 1527; x_wconf 87' lang='lat' dir='ltr'><strong>mere</strong></span> <span class='ocrx_word' id='word_1_165' title='bbox 2095 1485 2307 1527; x_wconf 74' lang='lat' dir='ltr'><strong>relativam</strong></span> <span class='ocrx_word' id='word_1_166' title='bbox 2337 1484 2688 1540; x_wconf 86' lang='lat' dir='ltr'><strong>pulchritudinem</strong></span> <span class='ocrx_word' id='word_1_167' title='bbox 2706 1518 2718 1534; x_wconf 94' lang='lat'><strong>,</strong></span> 
     </span>
     <span class='ocr_line' id='line_1_17' title="bbox 263 1561 2715 1621; baseline 0 -14"><span class='ocrx_word' id='word_1_168' title='bbox 263 1562 291 1608; x_wconf 89' lang='lat' dir='ltr'><strong>i.</strong></span> <span class='ocrx_word' id='word_1_169' title='bbox 336 1580 400 1613; x_wconf 91' lang='grc'><strong>0.,</strong></span> <span class='ocrx_word' id='word_1_170' title='bbox 445 1579 495 1607; x_wconf 88' lang='grc'><strong>00</strong></span> <span class='ocrx_word' id='word_1_171' title='bbox 543 1570 631 1606; x_wconf 91' lang='lat' dir='ltr'><strong>tum</strong></span> <span class='ocrx_word' id='word_1_172' title='bbox 681 1561 858 1619; x_wconf 87' lang='lat' dir='ltr'><strong>pulchra</strong></span> <span class='ocrx_word' id='word_1_173' title='bbox 891 1570 980 1606; x_wconf 87' lang='lat' dir='ltr'><strong>tum</strong></span> <span class='ocrx_word' id='word_1_174' title='bbox 1015 1579 1192 1621; x_wconf 90' lang='lat' dir='ltr'><strong>quoque</strong></span> <span class='ocrx_word' id='word_1_175' title='bbox 1225 1562 1364 1620; x_wconf 89' lang='lat' dir='ltr'><strong>turpia</strong></span> <span class='ocrx_word' id='word_1_176' title='bbox 1398 1571 1439 1607; x_wconf 91' lang='lat' dir='ltr'><strong>et</strong></span> <span class='ocrx_word' id='word_1_177' title='bbox 1471 1562 1675 1607; x_wconf 79' lang='lat' dir='ltr'><strong>deformia</strong></span> <span class='ocrx_word' id='word_1_178' title='bbox 1706 1562 1908 1620; x_wconf 86' lang='lat' dir='ltr'><strong>appellari</strong></span> <span class='ocrx_word' id='word_1_179' title='bbox 1939 1578 2094 1620; x_wconf 90' lang='lat' dir='ltr'><strong>posse,</strong></span> <span class='ocrx_word' id='word_1_180' title='bbox 2141 1562 2285 1619; x_wconf 88' lang='lat' dir='ltr'><strong>prouti</strong></span> <span class='ocrx_word' id='word_1_181' title='bbox 2317 1563 2587 1607; x_wconf 85' lang='lat' dir='ltr'><strong>conferantur</strong></span> <span class='ocrx_word' id='word_1_182' title='bbox 2618 1579 2715 1607; x_wconf 90' lang='lat' dir='ltr'><strong>cum</strong></span> 
     </span>
     <span class='ocr_line' id='line_1_18' title="bbox 264 1641 2719 1701; baseline 0 -14"><span class='ocrx_word' id='word_1_183' title='bbox 264 1643 356 1688; x_wconf 87' lang='lat' dir='ltr'><strong>aliis</strong></span> <span class='ocrx_word' id='word_1_184' title='bbox 405 1643 533 1686; x_wconf 87' lang='lat' dir='ltr'><strong>rebus</strong></span> <span class='ocrx_word' id='word_1_185' title='bbox 549 1675 560 1691; x_wconf 90' lang='lat'><strong>,</strong></span> <span class='ocrx_word' id='word_1_186' title='bbox 606 1657 715 1700; x_wconf 87' lang='lat' dir='ltr'><strong>quae</strong></span> <span class='ocrx_word' id='word_1_187' title='bbox 762 1642 969 1700; x_wconf 86' lang='lat' dir='ltr'><strong>majorem</strong></span> <span class='ocrx_word' id='word_1_188' title='bbox 1018 1641 1282 1686; x_wconf 85' lang='lat' dir='ltr'><strong>minoremve</strong></span> <span class='ocrx_word' id='word_1_189' title='bbox 1314 1643 1492 1701; x_wconf 87' lang='lat' dir='ltr'><strong>gradum</strong></span> <span class='ocrx_word' id='word_1_190' title='bbox 1524 1642 1687 1701; x_wconf 84' lang='lat' dir='ltr'><strong>pulchri</strong></span> <span class='ocrx_word' id='word_1_191' title='bbox 1717 1642 1912 1687; x_wconf 88' lang='lat' dir='ltr'><strong>habeant.</strong></span> <span class='ocrx_word' id='word_1_192' title='bbox 1992 1642 2039 1686; x_wconf 91' lang='lat' dir='ltr'><strong>In</strong></span> <span class='ocrx_word' id='word_1_193' title='bbox 2070 1642 2216 1701; x_wconf 82' lang='lat' dir='ltr'><strong>figuris</strong></span> <span class='ocrx_word' id='word_1_194' title='bbox 2248 1641 2551 1687; x_wconf 85' lang='lat' dir='ltr'><strong>mathematicis</strong></span> <span class='ocrx_word' id='word_1_195' title='bbox 2584 1658 2687 1687; x_wconf 85' lang='lat' dir='ltr'><strong>vero</strong></span> <span class='ocrx_word' id='word_1_196' title='bbox 2705 1676 2719 1695; x_wconf 91' lang='lat'><strong>,</strong></span> 
     </span>
     <span class='ocr_line' id='line_1_19' title="bbox 262 1721 2716 1780; baseline -0 -13"><span class='ocrx_word' id='word_1_197' title='bbox 262 1723 307 1767; x_wconf 91' lang='lat' dir='ltr'><strong>in</strong></span> <span class='ocrx_word' id='word_1_198' title='bbox 350 1723 470 1766; x_wconf 88' lang='lat' dir='ltr'><strong>lineis</strong></span> <span class='ocrx_word' id='word_1_199' title='bbox 514 1721 639 1765; x_wconf 87' lang='lat' dir='ltr'><strong>rectis</strong></span> <span class='ocrx_word' id='word_1_200' title='bbox 682 1728 724 1765; x_wconf 90' lang='lat' dir='ltr'><strong>et</strong></span> <span class='ocrx_word' id='word_1_201' title='bbox 756 1721 945 1771; x_wconf 83' lang='lat' dir='ltr'><strong>circulis,</strong></span> <span class='ocrx_word' id='word_1_202' title='bbox 991 1722 1128 1779; x_wconf 88' lang='lat' dir='ltr'><strong>planis</strong></span> <span class='ocrx_word' id='word_1_203' title='bbox 1161 1738 1209 1766; x_wconf 89' lang='lat' dir='ltr'><strong>ac</strong></span> <span class='ocrx_word' id='word_1_204' title='bbox 1241 1723 1387 1765; x_wconf 88' lang='lat' dir='ltr'><strong>solidis</strong></span> <span class='ocrx_word' id='word_1_205' title='bbox 1420 1738 1567 1767; x_wconf 89' lang='lat' dir='ltr'><strong>verum</strong></span> <span class='ocrx_word' id='word_1_206' title='bbox 1601 1724 1821 1780; x_wconf 88' lang='lat' dir='ltr'><strong>pulchrum</strong></span> <span class='ocrx_word' id='word_1_207' title='bbox 1854 1722 2109 1780; x_wconf 88' lang='lat' dir='ltr'><strong>deprehendi</strong></span> <span class='ocrx_word' id='word_1_208' title='bbox 2136 1736 2278 1779; x_wconf 76' lang='lat' dir='ltr'><strong>pos-se.</strong></span> <span class='ocrx_word' id='word_1_209' title='bbox 2340 1722 2504 1765; x_wconf 87' lang='lat' dir='ltr'><strong>Eodem</strong></span> <span class='ocrx_word' id='word_1_210' title='bbox 2540 1737 2716 1780; x_wconf 84' lang='lat' dir='ltr'><strong>prorsus</strong></span> 
     </span>
     <span class='ocr_line' id='line_1_20' title="bbox 263 1801 1500 1862; baseline -0.001 -15"><span class='ocrx_word' id='word_1_211' title='bbox 263 1804 395 1847; x_wconf 91' lang='lat' dir='ltr'><strong>modo</strong></span> <span class='ocrx_word' id='word_1_212' title='bbox 428 1816 563 1861; x_wconf 88' lang='lat' dir='ltr'><strong>porro</strong></span> <span class='ocrx_word' id='word_1_213' title='bbox 596 1802 735 1860; x_wconf 81' lang='lat' dir='ltr'><strong>agitur</strong></span> <span class='ocrx_word' id='word_1_214' title='bbox 768 1801 819 1844; x_wconf 89' lang='lat' dir='ltr'><strong>de</strong></span> <span class='ocrx_word' id='word_1_215' title='bbox 853 1802 1031 1860; x_wconf 90' lang='lat' dir='ltr'><strong>pulchro</strong></span> <span class='ocrx_word' id='word_1_216' title='bbox 1063 1802 1106 1845; x_wconf 90' lang='lat' dir='ltr'><strong>in</strong></span> <span class='ocrx_word' id='word_1_217' title='bbox 1140 1818 1186 1845; x_wconf 89' lang='grc'><strong>10</strong></span> <span class='ocrx_word' id='word_1_218' title='bbox 1218 1802 1379 1846; x_wconf 87' lang='lat' dir='ltr'><strong>musica</strong></span> <span class='ocrx_word' id='word_1_219' title='bbox 1410 1801 1500 1862; x_wconf 76' lang='lat'>(2&gt;:</span> 
     </span>
    </p>

    <p class='ocr_par' dir='ltr' id='par_1_8' title="bbox 262 1882 2724 2103">
     <span class='ocr_line' id='line_1_21' title="bbox 327 1882 2724 1942; baseline 0.001 -17"><span class='ocrx_word' id='word_1_220' title='bbox 327 1916 356 1939; x_wconf 86' lang='lat'><strong>„</strong></span> <span class='ocrx_word' id='word_1_221' title='bbox 379 1884 485 1926; x_wconf 85' lang='lat' dir='ltr'><strong>Dico</strong></span> <span class='ocrx_word' id='word_1_222' title='bbox 518 1883 662 1940; x_wconf 88' lang='lat' dir='ltr'><strong>itaque</strong></span> <span class='ocrx_word' id='word_1_223' title='bbox 696 1896 827 1924; x_wconf 91' lang='lat' dir='ltr'><strong>sonos</strong></span> <span class='ocrx_word' id='word_1_224' title='bbox 859 1884 975 1925; x_wconf 88' lang='lat' dir='ltr'><strong>lenes</strong></span> <span class='ocrx_word' id='word_1_225' title='bbox 1009 1890 1051 1925; x_wconf 90' lang='grc'><strong>01</strong></span> <span class='ocrx_word' id='word_1_226' title='bbox 1085 1884 1247 1932; x_wconf 86' lang='grc'><strong>010105,</strong></span> <span class='ocrx_word' id='word_1_227' title='bbox 1293 1884 1366 1940; x_wconf 91' lang='lat' dir='ltr'><strong>qui</strong></span> <span class='ocrx_word' id='word_1_228' title='bbox 1400 1890 1569 1926; x_wconf 88' lang='lat' dir='ltr'><strong>cantum</strong></span> <span class='ocrx_word' id='word_1_229' title='bbox 1604 1896 1733 1926; x_wconf 90' lang='lat' dir='ltr'><strong>unum</strong></span> <span class='ocrx_word' id='word_1_230' title='bbox 1766 1883 1976 1942; x_wconf 84' lang='lat' dir='ltr'><strong>quendam</strong></span> <span class='ocrx_word' id='word_1_231' title='bbox 2009 1895 2162 1939; x_wconf 89' lang='lat' dir='ltr'><strong>purum</strong></span> <span class='ocrx_word' id='word_1_232' title='bbox 2193 1882 2444 1940; x_wconf 90' lang='lat' dir='ltr'><strong>praebeant,</strong></span> <span class='ocrx_word' id='word_1_233' title='bbox 2491 1896 2576 1925; x_wconf 91' lang='lat' dir='ltr'><strong>non</strong></span> <span class='ocrx_word' id='word_1_234' title='bbox 2609 1898 2724 1942; x_wconf 84' lang='lat' dir='ltr'><strong>qua-,</strong></span> 
     </span>
     <span class='ocr_line' id='line_1_22' title="bbox 263 1961 2715 2022; baseline 0 -14"><span class='ocrx_word' id='word_1_235' title='bbox 263 1970 437 2022; x_wconf 87' lang='lat' dir='ltr'><strong>„tenus</strong></span> <span class='ocrx_word' id='word_1_236' title='bbox 488 1962 540 2006; x_wconf 89' lang='lat' dir='ltr'><strong>ad</strong></span> <span class='ocrx_word' id='word_1_237' title='bbox 591 1962 704 2006; x_wconf 90' lang='lat' dir='ltr'><strong>aliud</strong></span> <span class='ocrx_word' id='word_1_238' title='bbox 753 1961 853 2021; x_wconf 92' lang='lat' dir='ltr'><strong>quid</strong></span> <span class='ocrx_word' id='word_1_239' title='bbox 899 1963 1136 2006; x_wconf 83' lang='lat' dir='ltr'><strong>referantur</strong></span> <span class='ocrx_word' id='word_1_240' title='bbox 1167 1963 1266 2021; x_wconf 92' lang='grc'><strong>(000</strong></span> <span class='ocrx_word' id='word_1_241' title='bbox 1299 1962 1516 2022; x_wconf 86' lang='lat' dir='ltr'><strong>relative),</strong></span> <span class='ocrx_word' id='word_1_242' title='bbox 1562 1963 1636 2008; x_wconf 89' lang='lat' dir='ltr'><strong>sed</strong></span> <span class='ocrx_word' id='word_1_243' title='bbox 1668 1963 1786 2021; x_wconf 88' lang='lat' dir='ltr'><strong>ipsos</strong></span> <span class='ocrx_word' id='word_1_244' title='bbox 1818 1977 1896 2020; x_wconf 83' lang='lat' dir='ltr'><strong>per</strong></span> <span class='ocrx_word' id='word_1_245' title='bbox 1926 1977 1972 2006; x_wconf 90' lang='grc'><strong>50</strong></span> <span class='ocrx_word' id='word_1_246' title='bbox 2008 1961 2207 2019; x_wconf 87' lang='lat' dir='ltr'><strong>pulchros</strong></span> <span class='ocrx_word' id='word_1_247' title='bbox 2240 1976 2359 2013; x_wconf 90' lang='lat' dir='ltr'><strong>esse,</strong></span> <span class='ocrx_word' id='word_1_248' title='bbox 2405 1969 2447 2005; x_wconf 85' lang='lat' dir='ltr'><strong>et</strong></span> <span class='ocrx_word' id='word_1_249' title='bbox 2479 1961 2559 2006; x_wconf 92' lang='lat' dir='ltr'><strong>hos</strong></span> <span class='ocrx_word' id='word_1_250' title='bbox 2593 1963 2715 2022; x_wconf 88' lang='lat' dir='ltr'><strong>sequi</strong></span> 
     </span>
     <span class='ocr_line' id='line_1_23' title="bbox 262 2043 1145 2103; baseline -0.002 -16"><span class='ocrx_word' id='word_1_251' title='bbox 262 2078 291 2103; x_wconf 87' lang='lat'>„</span> <span class='ocrx_word' id='word_1_252' title='bbox 315 2050 517 2101; x_wconf 87' lang='lat' dir='ltr'><strong>cognatas</strong></span> <span class='ocrx_word' id='word_1_253' title='bbox 551 2043 833 2101; x_wconf 86' lang='lat' dir='ltr'><strong>propriasque</strong></span> <span class='ocrx_word' id='word_1_254' title='bbox 866 2043 1145 2100; x_wconf 82' lang='lat' dir='ltr'><strong>voluptateS.&#39;’</strong></span> 
     </span>
    </p>

    <p class='ocr_par' dir='ltr' id='par_1_9' title="bbox 263 2121 2716 2260">
     <span class='ocr_line' id='line_1_24' title="bbox 326 2121 2716 2181; baseline 0 -14"><span class='ocrx_word' id='word_1_255' title='bbox 326 2124 457 2168; x_wconf 88' lang='lat' dir='ltr'><strong>Simul</strong></span> <span class='ocrx_word' id='word_1_256' title='bbox 492 2123 661 2167; x_wconf 85' lang='lat' dir='ltr'><strong>additur</strong></span> <span class='ocrx_word' id='word_1_257' title='bbox 693 2137 845 2173; x_wconf 87' lang='lat' dir='ltr'><strong>causa,</strong></span> <span class='ocrx_word' id='word_1_258' title='bbox 879 2139 955 2166; x_wconf 93' lang='lat' dir='ltr'><strong>cur</strong></span> <span class='ocrx_word' id='word_1_259' title='bbox 989 2122 1228 2181; x_wconf 88' lang='lat' dir='ltr'><strong>voluptates</strong></span> <span class='ocrx_word' id='word_1_260' title='bbox 1248 2156 1258 2173; x_wconf 94' lang='lat'>‚</span> <span class='ocrx_word' id='word_1_261' title='bbox 1293 2138 1401 2180; x_wconf 89' lang='lat' dir='ltr'><strong>quae</strong></span> <span class='ocrx_word' id='word_1_262' title='bbox 1436 2137 1512 2181; x_wconf 90' lang='lat' dir='ltr'><strong>per</strong></span> <span class='ocrx_word' id='word_1_263' title='bbox 1545 2122 1623 2165; x_wconf 89' lang='lat' dir='ltr'><strong>hos</strong></span> <span class='ocrx_word' id='word_1_264' title='bbox 1658 2136 1806 2166; x_wconf 89' lang='lat' dir='ltr'><strong>sensus</strong></span> <span class='ocrx_word' id='word_1_265' title='bbox 1841 2121 2152 2180; x_wconf 86' lang='lat' dir='ltr'><strong>percipiantur,</strong></span> <span class='ocrx_word' id='word_1_266' title='bbox 2191 2137 2292 2179; x_wconf 88' lang='lat' dir='ltr'><strong>prae</strong></span> <span class='ocrx_word' id='word_1_267' title='bbox 2329 2129 2593 2166; x_wconf 89' lang='lat' dir='ltr'><strong>caeterorum</strong></span> <span class='ocrx_word' id='word_1_268' title='bbox 2617 2137 2716 2167; x_wconf 84' lang='lat' dir='ltr'><strong>sen-</strong></span> 
     </span>
     <span class='ocr_line' id='line_1_25' title="bbox 263 2202 1900 2260; baseline -0.001 -13"><span class='ocrx_word' id='word_1_269' title='bbox 263 2218 388 2248; x_wconf 92' lang='lat' dir='ltr'><strong>suum</strong></span> <span class='ocrx_word' id='word_1_270' title='bbox 422 2202 713 2247; x_wconf 82' lang='lat' dir='ltr'><strong>affectionibus</strong></span> <span class='ocrx_word' id='word_1_271' title='bbox 747 2202 910 2260; x_wconf 88' lang='lat' dir='ltr'><strong>pulchri</strong></span> <span class='ocrx_word' id='word_1_272' title='bbox 944 2202 1116 2246; x_wconf 89' lang='lat' dir='ltr'><strong>nomine</strong></span> <span class='ocrx_word' id='word_1_273' title='bbox 1150 2203 1436 2260; x_wconf 85' lang='lat' dir='ltr'><strong>insigniendae</strong></span> <span class='ocrx_word' id='word_1_274' title='bbox 1470 2203 1576 2252; x_wconf 90' lang='grc'><strong>5101,</strong></span> <span class='ocrx_word' id='word_1_275' title='bbox 1611 2217 1706 2246; x_wconf 87' lang='grc'><strong>00111</strong></span> <span class='ocrx_word' id='word_1_276' title='bbox 1740 2202 1900 2260; x_wconf 85' lang='lat' dir='ltr'><strong>pergit:</strong></span> 
     </span>
    </p>

    <p class='ocr_par' dir='ltr' id='par_1_10' title="bbox 261 2280 2714 2423">
     <span class='ocr_line' id='line_1_26' title="bbox 325 2280 2714 2342; baseline -0.001 -14"><span class='ocrx_word' id='word_1_277' title='bbox 325 2318 354 2341; x_wconf 86' lang='lat'>„</span> <span class='ocrx_word' id='word_1_278' title='bbox 378 2285 520 2328; x_wconf 87' lang='lat' dir='ltr'><strong>Genus</strong></span> <span class='ocrx_word' id='word_1_279' title='bbox 550 2283 840 2340; x_wconf 86' lang='lat' dir='ltr'><strong>voluptatum,</strong></span> <span class='ocrx_word' id='word_1_280' title='bbox 877 2283 994 2341; x_wconf 91' lang='lat' dir='ltr'><strong>quod</strong></span> <span class='ocrx_word' id='word_1_281' title='bbox 1024 2283 1076 2327; x_wconf 89' lang='lat' dir='ltr'><strong>ad</strong></span> <span class='ocrx_word' id='word_1_282' title='bbox 1100 2283 1298 2326; x_wconf 84' lang='lat' dir='ltr'><strong>olfactum</strong></span> <span class='ocrx_word' id='word_1_283' title='bbox 1321 2284 1521 2333; x_wconf 84' lang='lat' dir='ltr'><strong>refertur,</strong></span> <span class='ocrx_word' id='word_1_284' title='bbox 1556 2284 1692 2327; x_wconf 90' lang='lat' dir='ltr'><strong>minus</strong></span> <span class='ocrx_word' id='word_1_285' title='bbox 1716 2284 1898 2327; x_wconf 78' lang='lat' dir='ltr'><strong>divinum</strong></span> <span class='ocrx_word' id='word_1_286' title='bbox 1921 2296 2013 2325; x_wconf 88' lang='lat' dir='ltr'><strong>esse</strong></span> <span class='ocrx_word' id='word_1_287' title='bbox 2037 2280 2132 2325; x_wconf 90' lang='lat' dir='ltr'><strong>dico</strong></span> <span class='ocrx_word' id='word_1_288' title='bbox 2155 2297 2281 2341; x_wconf 90' lang='lat' dir='ltr'><strong>quam</strong></span> <span class='ocrx_word' id='word_1_289' title='bbox 2304 2281 2457 2325; x_wconf 80' lang='grc'><strong>110000”’</strong></span> <span class='ocrx_word' id='word_1_290' title='bbox 2478 2310 2539 2316; x_wconf 86' lang='grc'><strong>-</strong></span> <span class='ocrx_word' id='word_1_291' title='bbox 2561 2282 2714 2342; x_wconf 90' lang='lat' dir='ltr'><strong>quihus</strong></span> 
     </span>
     <span class='ocr_line' id='line_1_27' title="bbox 261 2362 2712 2423; baseline -0 -17"><span class='ocrx_word' id='word_1_292' title='bbox 261 2364 403 2407; x_wconf 89' lang='lat' dir='ltr'><strong>verbis</strong></span> <span class='ocrx_word' id='word_1_293' title='bbox 450 2364 522 2405; x_wconf 84' lang='lat' dir='ltr'><strong>vix</strong></span> <span class='ocrx_word' id='word_1_294' title='bbox 573 2362 685 2404; x_wconf 88' lang='lat' dir='ltr'><strong>aliud</strong></span> <span class='ocrx_word' id='word_1_295' title='bbox 735 2363 836 2421; x_wconf 91' lang='lat' dir='ltr'><strong>quid</strong></span> <span class='ocrx_word' id='word_1_296' title='bbox 880 2363 1104 2421; x_wconf 84' lang='lat' dir='ltr'><strong>significari</strong></span> <span class='ocrx_word' id='word_1_297' title='bbox 1138 2370 1302 2420; x_wconf 88' lang='lat' dir='ltr'><strong>potest,</strong></span> <span class='ocrx_word' id='word_1_298' title='bbox 1351 2379 1477 2423; x_wconf 91' lang='lat' dir='ltr'><strong>quam</strong></span> <span class='ocrx_word' id='word_1_299' title='bbox 1512 2371 1702 2407; x_wconf 83' lang='lat' dir='ltr'><strong>caeteros</strong></span> <span class='ocrx_word' id='word_1_300' title='bbox 1736 2377 1910 2412; x_wconf 89' lang='lat' dir='ltr'><strong>sensus,</strong></span> <span class='ocrx_word' id='word_1_301' title='bbox 1960 2362 2162 2420; x_wconf 89' lang='lat' dir='ltr'><strong>imprimis</strong></span> <span class='ocrx_word' id='word_1_302' title='bbox 2196 2362 2392 2405; x_wconf 82' lang='lat' dir='ltr'><strong>olfactum</strong></span> <span class='ocrx_word' id='word_1_303' title='bbox 2426 2369 2466 2404; x_wconf 91' lang='lat' dir='ltr'><strong>et</strong></span> <span class='ocrx_word' id='word_1_304' title='bbox 2498 2368 2712 2422; x_wconf 84' lang='lat' dir='ltr'><strong>gustatum</strong></span> 
     </span>
    </p>
   </div>
   <div class='ocr_carea' id='block_1_3' title="bbox 250 2524 2711 3305">
    <p class='ocr_par' dir='ltr' id='par_1_11' title="bbox 250 2524 2711 3240">
     <span class='ocr_line' id='line_1_28' title="bbox 310 2524 2710 2576; baseline -0.001 -12"><span class='ocrx_word' id='word_1_305' title='bbox 310 2531 363 2576; x_wconf 92' lang='lat'><strong>(1)</strong></span> <span class='ocrx_word' id='word_1_306' title='bbox 390 2529 516 2564; x_wconf 83' lang='lat' dir='ltr'><strong>Plures</strong></span> <span class='ocrx_word' id='word_1_307' title='bbox 551 2540 570 2562; x_wconf 87' lang='lat' dir='ltr'><strong>e</strong></span> <span class='ocrx_word' id='word_1_308' title='bbox 604 2525 858 2561; x_wconf 81' lang='lat' dir='ltr'><strong>recentioribus</strong></span> <span class='ocrx_word' id='word_1_309' title='bbox 893 2527 1009 2558; x_wconf 88' lang='lat' dir='ltr'><strong>tamen</strong></span> <span class='ocrx_word' id='word_1_310' title='bbox 1043 2524 1080 2557; x_wconf 89' lang='lat' dir='ltr'><strong>in</strong></span> <span class='ocrx_word' id='word_1_311' title='bbox 1114 2524 1180 2558; x_wconf 92' lang='lat' dir='ltr'><strong>hoc</strong></span> <span class='ocrx_word' id='word_1_312' title='bbox 1215 2525 1351 2571; x_wconf 88' lang='lat' dir='ltr'><strong>pulchri</strong></span> <span class='ocrx_word' id='word_1_313' title='bbox 1388 2525 1564 2572; x_wconf 89' lang='lat' dir='ltr'><strong>principio</strong></span> <span class='ocrx_word' id='word_1_314' title='bbox 1600 2526 1854 2569; x_wconf 84' lang='lat' dir='ltr'><strong>substiterunt,</strong></span> <span class='ocrx_word' id='word_1_315' title='bbox 1887 2526 2133 2573; x_wconf 84' lang='lat' dir='ltr'><strong>Eschenburg,</strong></span> <span class='ocrx_word' id='word_1_316' title='bbox 2175 2538 2206 2561; x_wconf 91' lang='lat' dir='ltr'><strong>v.</strong></span> <span class='ocrx_word' id='word_1_317' title='bbox 2238 2538 2284 2569; x_wconf 85' lang='lat' dir='ltr'><strong>c.,</strong></span> <span class='ocrx_word' id='word_1_318' title='bbox 2329 2525 2534 2569; x_wconf 73' lang='lat' dir='ltr'><strong>Eberhard,</strong></span> <span class='ocrx_word' id='word_1_319' title='bbox 2568 2526 2710 2570; x_wconf 75' lang='lat' dir='ltr'><strong>Sulzer,</strong></span> 
     </span>
     <span class='ocr_line' id='line_1_29' title="bbox 257 2589 2708 2639; baseline -0.002 -7"><span class='ocrx_word' id='word_1_320' title='bbox 257 2594 531 2637; x_wconf 83' lang='lat' dir='ltr'><strong>Mendelssohn,</strong></span> <span class='ocrx_word' id='word_1_321' title='bbox 558 2593 630 2628; x_wconf 89' lang='lat' dir='ltr'><strong>imo</strong></span> <span class='ocrx_word' id='word_1_322' title='bbox 656 2603 777 2626; x_wconf 82' lang='lat' dir='ltr'><strong>omnes</strong></span> <span class='ocrx_word' id='word_1_323' title='bbox 804 2590 877 2625; x_wconf 87' lang='lat' dir='ltr'><strong>fere</strong></span> <span class='ocrx_word' id='word_1_324' title='bbox 903 2593 985 2624; x_wconf 87' lang='lat' dir='ltr'><strong>ante</strong></span> <span class='ocrx_word' id='word_1_325' title='bbox 1010 2589 1180 2625; x_wconf 87' lang='lat' dir='ltr'><strong>Kantium</strong></span> <span class='ocrx_word' id='word_1_326' title='bbox 1206 2591 1423 2638; x_wconf 85' lang='lat' dir='ltr'><strong>philosophi,</strong></span> <span class='ocrx_word' id='word_1_327' title='bbox 1448 2591 1499 2627; x_wconf 86' lang='lat' dir='ltr'><strong>ita</strong></span> <span class='ocrx_word' id='word_1_328' title='bbox 1523 2592 1710 2638; x_wconf 87' lang='lat' dir='ltr'><strong>pulchrum</strong></span> <span class='ocrx_word' id='word_1_329' title='bbox 1728 2592 1981 2628; x_wconf 78' lang='lat' dir='ltr'><strong>confundentes</strong></span> <span class='ocrx_word' id='word_1_330' title='bbox 1999 2605 2079 2628; x_wconf 84' lang='lat' dir='ltr'><strong>cum</strong></span> <span class='ocrx_word' id='word_1_331' title='bbox 2095 2591 2191 2635; x_wconf 82' lang='lat' dir='ltr'><strong>utili,</strong></span> <span class='ocrx_word' id='word_1_332' title='bbox 2215 2591 2345 2639; x_wconf 78' lang='lat' dir='ltr'><strong>quibus</strong></span> <span class='ocrx_word' id='word_1_333' title='bbox 2368 2604 2445 2628; x_wconf 80' lang='lat' dir='ltr'><strong>sese</strong></span> <span class='ocrx_word' id='word_1_334' title='bbox 2465 2596 2708 2639; x_wconf 72' lang='lat' dir='ltr'><strong>opposuerunt</strong></span> 
     </span>
     <span class='ocr_line' id='line_1_30' title="bbox 259 2653 2711 2708; baseline -0.002 -10"><span class='ocrx_word' id='word_1_335' title='bbox 259 2673 370 2708; x_wconf 87' lang='lat' dir='ltr'><strong>quum</strong></span> <span class='ocrx_word' id='word_1_336' title='bbox 396 2660 545 2702; x_wconf 86' lang='lat' dir='ltr'><strong>Moritz,</strong></span> <span class='ocrx_word' id='word_1_337' title='bbox 571 2661 648 2694; x_wconf 83' lang='lat' dir='ltr'><strong>tum</strong></span> <span class='ocrx_word' id='word_1_338' title='bbox 674 2654 850 2704; x_wconf 87' lang='lat' dir='ltr'><strong>imprimis</strong></span> <span class='ocrx_word' id='word_1_339' title='bbox 876 2654 1043 2702; x_wconf 85' lang='lat' dir='ltr'><strong>Lessing:</strong></span> <span class='ocrx_word' id='word_1_340' title='bbox 1080 2654 1148 2693; x_wconf 88' lang='lat' dir='ltr'><strong>vid.</strong></span> <span class='ocrx_word' id='word_1_341' title='bbox 1174 2653 1449 2700; x_wconf 81' lang='lat' dir='ltr'><strong>Zimmermaun,</strong></span> <span class='ocrx_word' id='word_1_342' title='bbox 1476 2655 1602 2693; x_wconf 89' lang='lat' dir='ltr'><strong>Gesch.</strong></span> <span class='ocrx_word' id='word_1_343' title='bbox 1628 2655 1662 2694; x_wconf 87' lang='lat' dir='ltr'><strong>d.</strong></span> <span class='ocrx_word' id='word_1_344' title='bbox 1689 2656 1809 2694; x_wconf 87' lang='lat' dir='ltr'><strong>Aesth.</strong></span> <span class='ocrx_word' id='word_1_345' title='bbox 1834 2670 1869 2705; x_wconf 91' lang='lat' dir='ltr'><strong>p.</strong></span> <span class='ocrx_word' id='word_1_346' title='bbox 1897 2658 1985 2700; x_wconf 83' lang='lat'><strong>186,</strong></span> <span class='ocrx_word' id='word_1_347' title='bbox 2021 2658 2089 2693; x_wconf 89' lang='lat'><strong>188</strong></span> <span class='ocrx_word' id='word_1_348' title='bbox 2115 2669 2192 2705; x_wconf 85' lang='lat' dir='ltr'><strong>sqq.</strong></span> <span class='ocrx_word' id='word_1_349' title='bbox 2240 2656 2319 2694; x_wconf 85' lang='lat' dir='ltr'><strong>Nec</strong></span> <span class='ocrx_word' id='word_1_350' title='bbox 2343 2659 2397 2693; x_wconf 85' lang='lat' dir='ltr'><strong>est</strong></span> <span class='ocrx_word' id='word_1_351' title='bbox 2421 2655 2517 2705; x_wconf 90' lang='lat' dir='ltr'><strong>quod</strong></span> <span class='ocrx_word' id='word_1_352' title='bbox 2542 2662 2607 2694; x_wconf 75' lang='lat' dir='ltr'><strong>hoe</strong></span> <span class='ocrx_word' id='word_1_353' title='bbox 2631 2657 2711 2694; x_wconf 82' lang='lat' dir='ltr'><strong>loco</strong></span> 
     </span>
     <span class='ocr_line' id='line_1_31' title="bbox 257 2719 2711 2774; baseline -0.002 -10"><span class='ocrx_word' id='word_1_354' title='bbox 257 2725 398 2764; x_wconf 87' lang='lat' dir='ltr'><strong>silentio</strong></span> <span class='ocrx_word' id='word_1_355' title='bbox 424 2728 642 2774; x_wconf 83' lang='lat' dir='ltr'><strong>praeteream</strong></span> <span class='ocrx_word' id='word_1_356' title='bbox 667 2720 878 2760; x_wconf 79' lang='lat' dir='ltr'><strong>sententiam</strong></span> <span class='ocrx_word' id='word_1_357' title='bbox 895 2719 1090 2758; x_wconf 82' lang='lat' dir='ltr'><strong>acutissimi</strong></span> <span class='ocrx_word' id='word_1_358' title='bbox 1110 2720 1221 2758; x_wconf 87' lang='lat' dir='ltr'><strong>critici</strong></span> <span class='ocrx_word' id='word_1_359' title='bbox 1239 2721 1400 2759; x_wconf 87' lang='lat' dir='ltr'><strong>Britanni</strong></span> <span class='ocrx_word' id='word_1_360' title='bbox 1421 2721 1553 2767; x_wconf 87' lang='lat' dir='ltr'><strong>Homii,</strong></span> <span class='ocrx_word' id='word_1_361' title='bbox 1580 2722 1752 2761; x_wconf 82' lang='lat' dir='ltr'><strong>censentis</strong></span> <span class='ocrx_word' id='word_1_362' title='bbox 1769 2722 1955 2772; x_wconf 88' lang='lat' dir='ltr'><strong>pulchrum</strong></span> <span class='ocrx_word' id='word_1_363' title='bbox 1970 2722 2112 2773; x_wconf 87' lang='lat' dir='ltr'><strong>proprie</strong></span> <span class='ocrx_word' id='word_1_364' title='bbox 2129 2722 2197 2760; x_wconf 90' lang='lat' dir='ltr'><strong>nisi</strong></span> <span class='ocrx_word' id='word_1_365' title='bbox 2213 2721 2258 2760; x_wconf 88' lang='lat' dir='ltr'><strong>de</strong></span> <span class='ocrx_word' id='word_1_366' title='bbox 2273 2721 2455 2760; x_wconf 78' lang='lat' dir='ltr'><strong>oculorum</strong></span> <span class='ocrx_word' id='word_1_367' title='bbox 2470 2721 2711 2772; x_wconf 81' lang='lat' dir='ltr'><strong>perceptioni·</strong></span> 
     </span>
     <span class='ocr_line' id='line_1_32' title="bbox 257 2786 2709 2839; baseline -0.001 -11"><span class='ocrx_word' id='word_1_368' title='bbox 257 2792 324 2828; x_wconf 91' lang='lat' dir='ltr'><strong>bus</strong></span> <span class='ocrx_word' id='word_1_369' title='bbox 349 2791 419 2828; x_wconf 88' lang='lat' dir='ltr'><strong>dici</strong></span> <span class='ocrx_word' id='word_1_370' title='bbox 444 2802 567 2839; x_wconf 85' lang='lat' dir='ltr'><strong>posse;</strong></span> <span class='ocrx_word' id='word_1_371' title='bbox 594 2789 690 2838; x_wconf 88' lang='lat' dir='ltr'><strong>quod</strong></span> <span class='ocrx_word' id='word_1_372' title='bbox 716 2792 834 2824; x_wconf 78' lang='lat' dir='ltr'><strong>autem</strong></span> <span class='ocrx_word' id='word_1_373' title='bbox 860 2787 904 2823; x_wconf 89' lang='lat' dir='ltr'><strong>ad</strong></span> <span class='ocrx_word' id='word_1_374' title='bbox 930 2786 1091 2823; x_wconf 88' lang='lat' dir='ltr'><strong>auditum</strong></span> <span class='ocrx_word' id='word_1_375' title='bbox 1117 2789 1152 2822; x_wconf 90' lang='lat' dir='ltr'><strong>et</strong></span> <span class='ocrx_word' id='word_1_376' title='bbox 1176 2790 1329 2823; x_wconf 85' lang='lat' dir='ltr'><strong>caeteros</strong></span> <span class='ocrx_word' id='word_1_377' title='bbox 1355 2800 1478 2825; x_wconf 85' lang='lat' dir='ltr'><strong>sensus</strong></span> <span class='ocrx_word' id='word_1_378' title='bbox 1503 2789 1692 2837; x_wconf 83' lang='lat' dir='ltr'><strong>pertineat,</strong></span> <span class='ocrx_word' id='word_1_379' title='bbox 1717 2789 1755 2826; x_wconf 89' lang='lat' dir='ltr'><strong>in</strong></span> <span class='ocrx_word' id='word_1_380' title='bbox 1779 2789 1823 2826; x_wconf 85' lang='lat' dir='ltr'><strong>iis</strong></span> <span class='ocrx_word' id='word_1_381' title='bbox 1847 2789 1966 2839; x_wconf 82' lang='lat' dir='ltr'><strong>potius</strong></span> <span class='ocrx_word' id='word_1_382' title='bbox 1982 2789 2164 2838; x_wconf 85' lang='lat' dir='ltr'><strong>obtingere</strong></span> <span class='ocrx_word' id='word_1_383' title='bbox 2180 2792 2319 2839; x_wconf 79' lang='lat' dir='ltr'><strong>gratum</strong></span> <span class='ocrx_word' id='word_1_384' title='bbox 2330 2788 2610 2838; x_wconf 86' lang='lat' dir='ltr'><strong>jucundumque.</strong></span> <span class='ocrx_word' id='word_1_385' title='bbox 2658 2789 2709 2825; x_wconf 85' lang='lat' dir='ltr'><strong>At</strong></span> 
     </span>
     <span class='ocr_line' id='line_1_33' title="bbox 254 2853 2709 2907; baseline -0.001 -11"><span class='ocrx_word' id='word_1_386' title='bbox 254 2871 360 2896; x_wconf 87' lang='lat' dir='ltr'><strong>nemo</strong></span> <span class='ocrx_word' id='word_1_387' title='bbox 386 2857 498 2906; x_wconf 87' lang='lat' dir='ltr'><strong>magis</strong></span> <span class='ocrx_word' id='word_1_388' title='bbox 524 2856 709 2907; x_wconf 85' lang='lat' dir='ltr'><strong>pulchrum</strong></span> <span class='ocrx_word' id='word_1_389' title='bbox 736 2855 856 2892; x_wconf 86' lang='lat' dir='ltr'><strong>retulit</strong></span> <span class='ocrx_word' id='word_1_390' title='bbox 882 2854 924 2891; x_wconf 91' lang='lat' dir='ltr'><strong>ad</strong></span> <span class='ocrx_word' id='word_1_391' title='bbox 952 2854 1065 2891; x_wconf 81' lang='lat' dir='ltr'><strong>solam</strong></span> <span class='ocrx_word' id='word_1_392' title='bbox 1091 2853 1310 2904; x_wconf 76' lang='lat' dir='ltr'><strong>voluptatem</strong></span> <span class='ocrx_word' id='word_1_393' title='bbox 1335 2867 1536 2903; x_wconf 85' lang='lat' dir='ltr'><strong>corpoream</strong></span> <span class='ocrx_word' id='word_1_394' title='bbox 1561 2869 1667 2907; x_wconf 88' lang='lat' dir='ltr'><strong>quam</strong></span> <span class='ocrx_word' id='word_1_395' title='bbox 1691 2856 1777 2894; x_wconf 89' lang='lat' dir='ltr'><strong>item</strong></span> <span class='ocrx_word' id='word_1_396' title='bbox 1800 2856 1992 2894; x_wconf 78' lang='lat' dir='ltr'><strong>Britannus</strong></span> <span class='ocrx_word' id='word_1_397' title='bbox 2016 2856 2171 2894; x_wconf 85' lang='lat' dir='ltr'><strong>Burkius</strong></span> <span class='ocrx_word' id='word_1_398' title='bbox 2195 2855 2234 2893; x_wconf 90' lang='lat' dir='ltr'><strong>in</strong></span> <span class='ocrx_word' id='word_1_399' title='bbox 2257 2868 2381 2905; x_wconf 85' lang='lat' dir='ltr'><strong>opere:</strong></span> <span class='ocrx_word' id='word_1_400' title='bbox 2406 2868 2428 2893; x_wconf 84' lang='lat' dir='ltr'><strong>a</strong></span> <span class='ocrx_word' id='word_1_401' title='bbox 2451 2854 2709 2906; x_wconf 82' lang='lat' dir='ltr'><strong>philosophieal</strong></span> 
     </span>
     <span class='ocr_line' id='line_1_34' title="bbox 252 2920 2708 2975; baseline -0.001 -13"><span class='ocrx_word' id='word_1_402' title='bbox 252 2925 397 2975; x_wconf 87' lang='lat' dir='ltr'><strong>inquiry</strong></span> <span class='ocrx_word' id='word_1_403' title='bbox 430 2925 507 2960; x_wconf 89' lang='lat' dir='ltr'><strong>into</strong></span> <span class='ocrx_word' id='word_1_404' title='bbox 540 2923 598 2958; x_wconf 87' lang='lat' dir='ltr'><strong>the</strong></span> <span class='ocrx_word' id='word_1_405' title='bbox 623 2923 738 2972; x_wconf 88' lang='lat' dir='ltr'><strong>origin</strong></span> <span class='ocrx_word' id='word_1_406' title='bbox 764 2922 806 2957; x_wconf 86' lang='lat' dir='ltr'><strong>of</strong></span> <span class='ocrx_word' id='word_1_407' title='bbox 827 2934 892 2957; x_wconf 90' lang='lat' dir='ltr'><strong>our</strong></span> <span class='ocrx_word' id='word_1_408' title='bbox 917 2921 1015 2956; x_wconf 85' lang='lat' dir='ltr'><strong>ideas</strong></span> <span class='ocrx_word' id='word_1_409' title='bbox 1040 2920 1081 2956; x_wconf 86' lang='lat' dir='ltr'><strong>of</strong></span> <span class='ocrx_word' id='word_1_410' title='bbox 1100 2921 1160 2956; x_wconf 88' lang='lat' dir='ltr'><strong>the</strong></span> <span class='ocrx_word' id='word_1_411' title='bbox 1188 2920 1339 2956; x_wconf 82' lang='lat' dir='ltr'><strong>sublime</strong></span> <span class='ocrx_word' id='word_1_412' title='bbox 1365 2921 1436 2957; x_wconf 87' lang='lat' dir='ltr'><strong>and</strong></span> <span class='ocrx_word' id='word_1_413' title='bbox 1461 2922 1640 2960; x_wconf 79' lang='lat' dir='ltr'><strong>beautiful.</strong></span> <span class='ocrx_word' id='word_1_414' title='bbox 1690 2923 1824 2961; x_wconf 88' lang='lat' dir='ltr'><strong>Verum</strong></span> <span class='ocrx_word' id='word_1_415' title='bbox 1849 2935 1890 2960; x_wconf 88' lang='grc'><strong>00</strong></span> <span class='ocrx_word' id='word_1_416' title='bbox 1914 2923 2074 2961; x_wconf 80' lang='lat' dir='ltr'><strong>confusio</strong></span> <span class='ocrx_word' id='word_1_417' title='bbox 2099 2922 2239 2973; x_wconf 85' lang='lat' dir='ltr'><strong>pulchri</strong></span> <span class='ocrx_word' id='word_1_418' title='bbox 2263 2934 2344 2960; x_wconf 80' lang='lat' dir='ltr'><strong>cum</strong></span> <span class='ocrx_word' id='word_1_419' title='bbox 2367 2921 2465 2967; x_wconf 87' lang='lat' dir='ltr'><strong>utili,</strong></span> <span class='ocrx_word' id='word_1_420' title='bbox 2496 2935 2587 2973; x_wconf 85' lang='lat' dir='ltr'><strong>quae</strong></span> <span class='ocrx_word' id='word_1_421' title='bbox 2610 2921 2708 2973; x_wconf 83' lang='lat' dir='ltr'><strong>apud</strong></span> 
     </span>
     <span class='ocr_line' id='line_1_35' title="bbox 254 2987 2709 3039; baseline -0.002 -11"><span class='ocrx_word' id='word_1_422' title='bbox 254 3003 377 3028; x_wconf 85' lang='lat' dir='ltr'><strong>omnes</strong></span> <span class='ocrx_word' id='word_1_423' title='bbox 401 2991 474 3027; x_wconf 74' lang='lat' dir='ltr'><strong>tere</strong></span> <span class='ocrx_word' id='word_1_424' title='bbox 500 2989 730 3038; x_wconf 80' lang='lat' dir='ltr'><strong>philosophos</strong></span> <span class='ocrx_word' id='word_1_425' title='bbox 755 2992 836 3023; x_wconf 89' lang='lat' dir='ltr'><strong>ante</strong></span> <span class='ocrx_word' id='word_1_426' title='bbox 863 2987 1034 3023; x_wconf 85' lang='lat' dir='ltr'><strong>Kantium</strong></span> <span class='ocrx_word' id='word_1_427' title='bbox 1060 2987 1232 3031; x_wconf 86' lang='lat' dir='ltr'><strong>occurrit,</strong></span> <span class='ocrx_word' id='word_1_428' title='bbox 1258 2987 1302 3023; x_wconf 90' lang='lat' dir='ltr'><strong>ab</strong></span> <span class='ocrx_word' id='word_1_429' title='bbox 1328 2999 1369 3023; x_wconf 91' lang='lat' dir='ltr'><strong>eo</strong></span> <span class='ocrx_word' id='word_1_430' title='bbox 1395 3000 1504 3037; x_wconf 88' lang='lat' dir='ltr'><strong>quum</strong></span> <span class='ocrx_word' id='word_1_431' title='bbox 1529 2989 1567 3025; x_wconf 89' lang='lat' dir='ltr'><strong>in</strong></span> <span class='ocrx_word' id='word_1_432' title='bbox 1591 2990 1737 3027; x_wconf 82' lang='lat' dir='ltr'><strong>caeteris</strong></span> <span class='ocrx_word' id='word_1_433' title='bbox 1761 2989 2005 3039; x_wconf 81' lang='lat' dir='ltr'><strong>philosophiae</strong></span> <span class='ocrx_word' id='word_1_434' title='bbox 2024 2990 2183 3038; x_wconf 83' lang='lat' dir='ltr'><strong>partibus</strong></span> <span class='ocrx_word' id='word_1_435' title='bbox 2206 2992 2283 3026; x_wconf 89' lang='lat' dir='ltr'><strong>tum</strong></span> <span class='ocrx_word' id='word_1_436' title='bbox 2306 2989 2344 3026; x_wconf 92' lang='lat' dir='ltr'><strong>in</strong></span> <span class='ocrx_word' id='word_1_437' title='bbox 2360 2989 2549 3027; x_wconf 82' lang='lat' dir='ltr'><strong>aesthetica</strong></span> <span class='ocrx_word' id='word_1_438' title='bbox 2564 3000 2709 3038; x_wconf 85' lang='lat' dir='ltr'><strong>quoque</strong></span> 
     </span>
     <span class='ocr_line' id='line_1_36' title="bbox 251 3053 2707 3104; baseline -0.001 -9"><span class='ocrx_word' id='word_1_439' title='bbox 251 3069 393 3095; x_wconf 81' lang='grc'><strong>5111111110</strong></span> <span class='ocrx_word' id='word_1_440' title='bbox 427 3057 675 3097; x_wconf 83' lang='lat' dir='ltr'><strong>reformatore,</strong></span> <span class='ocrx_word' id='word_1_441' title='bbox 710 3066 855 3102; x_wconf 84' lang='lat' dir='ltr'><strong>prorsus</strong></span> <span class='ocrx_word' id='word_1_442' title='bbox 888 3053 1025 3090; x_wconf 84' lang='lat' dir='ltr'><strong>sublata</strong></span> <span class='ocrx_word' id='word_1_443' title='bbox 1059 3058 1129 3098; x_wconf 83' lang='lat' dir='ltr'><strong>est,</strong></span> <span class='ocrx_word' id='word_1_444' title='bbox 1162 3053 1333 3091; x_wconf 85' lang='lat' dir='ltr'><strong>statuenti</strong></span> <span class='ocrx_word' id='word_1_445' title='bbox 1370 3067 1510 3092; x_wconf 86' lang='lat' dir='ltr'><strong>omnem</strong></span> <span class='ocrx_word' id='word_1_446' title='bbox 1547 3056 1710 3093; x_wconf 86' lang='lat' dir='ltr'><strong>utilitatis</strong></span> <span class='ocrx_word' id='word_1_447' title='bbox 1742 3056 1797 3093; x_wconf 81' lang='lat' dir='ltr'><strong>vel</strong></span> <span class='ocrx_word' id='word_1_448' title='bbox 1827 3056 1964 3104; x_wconf 88' lang='lat' dir='ltr'><strong>proprii</strong></span> <span class='ocrx_word' id='word_1_449' title='bbox 1988 3055 2163 3093; x_wconf 86' lang='lat' dir='ltr'><strong>commodi</strong></span> <span class='ocrx_word' id='word_1_450' title='bbox 2187 3055 2433 3103; x_wconf 78' lang='lat' dir='ltr'><strong>cogitationem</strong></span> <span class='ocrx_word' id='word_1_451' title='bbox 2456 3054 2707 3103; x_wconf 73' lang='lat' dir='ltr'><strong>sejungendum</strong></span> 
     </span>
     <span class='ocr_line' id='line_1_37' title="bbox 250 3121 2708 3170; baseline -0.002 -10"><span class='ocrx_word' id='word_1_452' title='bbox 250 3136 328 3161; x_wconf 79' lang='grc'><strong>0550</strong></span> <span class='ocrx_word' id='word_1_453' title='bbox 353 3124 397 3159; x_wconf 86' lang='lat' dir='ltr'><strong>ab</strong></span> <span class='ocrx_word' id='word_1_454' title='bbox 423 3135 464 3159; x_wconf 89' lang='lat' dir='ltr'><strong>ea</strong></span> <span class='ocrx_word' id='word_1_455' title='bbox 488 3121 736 3170; x_wconf 86' lang='lat' dir='ltr'><strong>perceptione,</strong></span> <span class='ocrx_word' id='word_1_456' title='bbox 761 3131 832 3167; x_wconf 90' lang='lat' dir='ltr'><strong>qua</strong></span> <span class='ocrx_word' id='word_1_457' title='bbox 858 3121 1046 3167; x_wconf 90' lang='lat' dir='ltr'><strong>pulchrum</strong></span> <span class='ocrx_word' id='word_1_458' title='bbox 1072 3122 1218 3168; x_wconf 86' lang='lat' dir='ltr'><strong>placeat.</strong></span> <span class='ocrx_word' id='word_1_459' title='bbox 1269 3121 1374 3167; x_wconf 86' lang='lat' dir='ltr'><strong>(Krit.</strong></span> <span class='ocrx_word' id='word_1_460' title='bbox 1399 3122 1434 3158; x_wconf 87' lang='lat' dir='ltr'><strong>d.</strong></span> <span class='ocrx_word' id='word_1_461' title='bbox 1459 3122 1559 3158; x_wconf 88' lang='lat' dir='ltr'><strong>Urth.</strong></span> <span class='ocrx_word' id='word_1_462' title='bbox 1585 3122 1636 3158; x_wconf 87' lang='lat' dir='ltr'><strong>kr.</strong></span> <span class='ocrx_word' id='word_1_463' title='bbox 1661 3124 1678 3168; x_wconf 64' lang='grc' dir='ltr'>ς</span> <span class='ocrx_word' id='word_1_464' title='bbox 1704 3124 1750 3168; x_wconf 85' lang='grc'><strong>6).</strong></span> <span class='ocrx_word' id='word_1_465' title='bbox 1798 3122 1877 3158; x_wconf 85' lang='lat' dir='ltr'><strong>Nec</strong></span> <span class='ocrx_word' id='word_1_466' title='bbox 1901 3122 1938 3157; x_wconf 91' lang='lat' dir='ltr'><strong>in</strong></span> <span class='ocrx_word' id='word_1_467' title='bbox 1963 3122 2030 3158; x_wconf 88' lang='lat' dir='ltr'><strong>hoc</strong></span> <span class='ocrx_word' id='word_1_468' title='bbox 2054 3122 2179 3158; x_wconf 84' lang='lat' dir='ltr'><strong>saltem</strong></span> <span class='ocrx_word' id='word_1_469' title='bbox 2204 3121 2350 3169; x_wconf 74' lang='lat' dir='ltr'><strong>placito,</strong></span> <span class='ocrx_word' id='word_1_470' title='bbox 2374 3122 2404 3157; x_wconf 89' lang='lat' dir='ltr'><strong>si</strong></span> <span class='ocrx_word' id='word_1_471' title='bbox 2428 3121 2625 3158; x_wconf 88' lang='lat' dir='ltr'><strong>Herderum</strong></span> <span class='ocrx_word' id='word_1_472' title='bbox 2647 3131 2708 3156; x_wconf 85' lang='lat' dir='ltr'><strong>ex-</strong></span> 
     </span>
     <span class='ocr_line' id='line_1_38' title="bbox 251 3186 934 3240; baseline -0.007 -12"><span class='ocrx_word' id='word_1_473' title='bbox 251 3191 380 3240; x_wconf 82' lang='lat' dir='ltr'><strong>cipias,</strong></span> <span class='ocrx_word' id='word_1_474' title='bbox 406 3190 536 3227; x_wconf 85' lang='lat' dir='ltr'><strong>multos</strong></span> <span class='ocrx_word' id='word_1_475' title='bbox 561 3187 778 3225; x_wconf 81' lang='lat' dir='ltr'><strong>adversarios</strong></span> <span class='ocrx_word' id='word_1_476' title='bbox 803 3186 934 3224; x_wconf 82' lang='lat' dir='ltr'><strong>habuit.</strong></span> 
     </span>
    </p>

    <p class='ocr_par' dir='ltr' id='par_1_12' title="bbox 299 3255 565 3305">
     <span class='ocr_line' id='line_1_39' title="bbox 299 3255 565 3305; baseline -0.004 -12"><span class='ocrx_word' id='word_1_477' title='bbox 299 3259 352 3305; x_wconf 81' lang='lat'><strong>(2)</strong></span> <span class='ocrx_word' id='word_1_478' title='bbox 378 3269 412 3305; x_wconf 84' lang='lat' dir='ltr'><strong>p.</strong></span> <span class='ocrx_word' id='word_1_479' title='bbox 440 3258 495 3293; x_wconf 86' lang='lat'><strong>51.</strong></span> <span class='ocrx_word' id='word_1_480' title='bbox 521 3255 565 3292; x_wconf 87' lang='lat' dir='ltr'><strong>D.</strong></span> 
     </span>
    </p>
   </div>
  </div>
 </body>
</html>
