3014 3706
1505 217 1537 270 8

281 361 427 410 veniat
469 369 755 416 senectutem,
805 362 990 423 denique
1032 369 1228 410 mortuus
1276 379 1303 410 a
1331 363 1428 410 filiis
1462 362 1533 423 pie
1566 369 1610 409 et
1641 345 1874 423 magnifici?
1890 355 2139 422 sepeliatarz
2176 359 2336 410 scilicet
2365 327 2546 411 numida·
2571 358 2735 425 putot-n·

281 457 334 489 ea
368 442 513 489 omnia
543 442 851 502 complectens,
887 457 1019 502 quae,
1053 458 1091 489 a.
1111 444 1320 490 sententia
1351 444 1638 494 Graecorum,
1670 442 1725 488 ad
1755 441 1921 488 beatam
1954 441 2086 488 vitam
2117 442 2369 502 pertineant.

343 523 439 569 Jam
484 523 684 568 Socrates
728 522 820 581 ipse
866 522 1010 581 plures
1052 522 1319 568 definitiones
1362 523 1527 582 pulchri
1558 523 1780 582 proponit,
1825 538 2006 584 quarum
2036 522 2174 582 prima
2203 528 2291 575 est,
2339 539 2394 569 aa
2424 523 2606 571 formos
2630 522 2743 583 pnl-

283 600 432 648 chrum
476 602 532 648 sit
571 607 614 650 τὸ
643 606 781 659 πρέπον
810 607 874 649 καὶ
906 607 930 654 ἢ
957 606 1074 659 φύσις
1102 608 1219 652 αὐτοῦ
1250 602 1415 663 (aptum
1447 610 1489 648 et
1520 602 1812 664 commodum)
1838 603 1931 663 (0²³
1962 630 2025 637 —
2064 602 2209 657 Quum
2239 604 2382 649 autem
2412 604 2563 662 postea
2592 610 2737 670 pateat

279 682 356 728 illo
390 691 492 741 apto
526 690 569 727 et
600 683 830 728 commodo
862 683 1007 741 potius
1041 683 1171 735 effici,
1221 691 1270 728 ut
1300 699 1369 728 res
1401 683 1603 741 pulchrae
1635 699 1729 728 esse
1760 685 1999 736 videantur,
2041 698 2128 729 non
2160 683 2258 728 ideo
2288 681 2490 742 pulchrae
2520 684 2618 735 cine,
2650 683 2735 729 hoc

286 765 413 810 etiam
445 764 653 822 rejicitur,
698 779 828 821 quum
863 763 915 806 de
947 762 1128 835 pulchro
1161 765 1278 822 ipso,
1323 779 1410 807 non
1442 764 1494 807 de
1526 765 1630 808 falsa
1662 766 1752 823 ejus
1785 764 1925 821 specie
1958 763 2229 825 disquiratur.
2260 789 2323 796 —
2357 763 2522 809 Deinde
2555 764 2618 824 (2)
2650 764 2736 808 So-

284 854 421 889 crates
461 846 551 889 vult
587 845 809 903 pulchrum
852 845 1060 887 contineri
1102 846 1145 887 in
1186 845 1421 888 utilitate
1461 844 1529 904 (τῷ
1561 844 1762 905 χρησίμῳ).
1825 845 1937 889 Utile
1971 853 2112 890 autem
2142 844 2187 888 id
2219 845 2396 896 dicitur,
2429 845 2498 892 oui
2528 845 2638 890 inest
2667 846 2732 889 vis

285 926 443 984 aliquid
483 925 704 968 efficiendi.
771 925 985 976 Quoniam
1019 938 1123 967 vero
1158 925 1201 967 bi
1234 925 1406 967 effectus
1440 939 1577 983 aeque
1609 926 1706 968 mali
1738 940 1789 969 ac
1821 925 1924 968 boni
1956 939 2048 969 esse
2079 931 2279 983 possunt,
2311 925 2433 969 notio
2464 925 2630 984 pulchri
2660 926 2730 969 in-

288 1005 455 1049 terdum
504 1020 599 1049 cum
649 1020 700 1049 ea
747 1005 844 1049 mali
889 1012 1164 1063 congrueret,
1211 1004 1328 1063 quod
1371 1020 1504 1064 quum
1546 1005 1678 1063 ipsius
1721 1004 1886 1063 pulchri
1928 1012 2105 1050 naturae
2136 1012 2366 1064 repugnet,
2410 1019 2520 1064 quae
2552 1006 2727 1055 omnino

285 1086 474 1145 postulat
508 1094 554 1130 ut
586 1101 682 1130 cum
718 1086 831 1129 bono
867 1085 1139 1144 conjunctum
1173 1087 1244 1136 sit,
1278 1086 1320 1129 id
1354 1086 1522 1130 demum
1553 1092 1733 1141 χρήσιμον
1766 1086 1845 1129 erit
1864 1085 2107 1143 pulchrum,
2140 1086 2257 1146 quod
2277 1085 2441 1130 bonum
2464 1086 2602 1131 efficit.
2666 1088 2730 1131 lta

285 1182 390 1211 vero
423 1168 467 1210 in
500 1167 623 1210 aliam
658 1166 943 1210 difficultatem
977 1165 1223 1217 incidimus,
1258 1173 1305 1209 ut
1337 1180 1487 1223 nempe
1519 1166 1739 1225 pulchrum
1773 1166 1825 1209 sit
1857 1181 1984 1210 causa
2014 1166 2130 1210 boui.
2195 1166 2333 1211 Causa
2361 1172 2503 1211 autem
2537 1165 2731 1212 distincta

287 1255 351 1292 est
384 1248 437 1292 ab
473 1248 642 1297 effectu;
677 1261 764 1305 quo
799 1247 869 1297 fit,
902 1253 949 1289 ut
981 1246 1205 1304 pulchrum
1239 1261 1320 1289 non
1353 1247 1406 1289 sit
1437 1246 1616 1296 bonum,
1651 1246 1766 1304 quod
1800 1252 1939 1290 tamen
1971 1246 2062 1306 eJ'us
2094 1246 2215 1292 notio
2239 1247 2438 1306 postulat.
2501 1246 2621 1298 Inde,
2652 1246 2731 1291 hac

286 1343 462 1388 quoque
496 1326 738 1371 definitione
770 1326 944 1385 rejecta,
979 1326 1179 1370 Socrates
1213 1325 1439 1369 arbitratur
1469 1326 1691 1383 pulchrum
1723 1325 1824 1370 nihil
1855 1325 1967 1370 aliud
2003 1340 2098 1370 esse
2126 1326 2206 1370 nisi
2243 1325 2545 1386 jucundum,
2594 1325 2731 1385 quod

285 1408 399 1453 visu
451 1398 732 1464 audituque
780 1405 1106 1463 percipiatur
1141 1404 1218 1463 (3).
1295 1407 1350 1449 At
1398 1419 1474 1462 per
1518 1412 1709 1450 caeteros
1753 1418 1901 1449 sensus
1945 1405 2071 1449 etiam
2107 1404 2296 1464 jucunda
2338 1404 2497 1463 percipi
2539 1412 2734 1464 possunt.

290 1487 405 1540 Quid
454 1486 582 1545 igitur
626 1499 779 1530 causae
824 1491 911 1536 est,
960 1492 1006 1528 ut
1051 1499 1101 1529 ea
1135 1485 1225 1530 sola
1252 1485 1459 1544 jucunda,
1503 1499 1613 1544 quae
1646 1499 1721 1543 per
1754 1484 1889 1528 visum
1922 1491 1965 1528 et
1999 1484 2189 1529 auditum
2220 1484 2524 1544 percipiantur,
2560 1485 2731 1531 nomine

290 1566 457 1626 pulchri
507 1566 632 1624 digna
673 1566 781 1609 sint?
845 1567 899 1608 Et
939 1566 1132 1623 profecto
1174 1565 1339 1609 auditus
1378 1573 1450 1609 aut
1492 1566 1607 1608 visus
1652 1565 1742 1622 ipse
1785 1578 1861 1621 per
1906 1579 1951 1608 se
1984 1580 2070 1609 non
2102 1565 2147 1609 in
2181 1580 2308 1609 causa
2341 1579 2435 1609 esse
2467 1572 2634 1623 potest,
2683 1573 2732 1610 ut

287 1647 523 1708 jucundum
567 1646 724 1703 aliquid
770 1646 842 1689 fiat
884 1645 1127 1702 pulchrum,
1171 1661 1267 1690 nam
1312 1654 1409 1689 sunt
1451 1645 1582 1689 modo
1625 1646 1925 1695 instrumenta,
1971 1645 2126 1704 quibus
2170 1646 2332 1690 animus
2382 1646 2491 1690 laete
2538 1644 2729 1691 afficitur.

285 1728 434 1788 ltaque
478 1727 620 1771 denuo
666 1725 954 1784 quaerendum
1001 1733 1085 1775 est,
1137 1724 1236 1783 quid
1271 1724 1324 1767 sit
1358 1725 1524 1769 tandem
1558 1725 1684 1776 illud,
1733 1740 1819 1784 quo
1853 1740 1901 1769 ea
1933 1739 2032 1784 pars
2059 1725 2255 1785 jucundi,
2307 1740 2416 1785 quae
2448 1725 2501 1770 ad
2532 1725 2724 1770 auditum

286 1809 511 1865 visumque
544 1808 742 1856 refertur,
776 1806 998 1864 pulchrum
1039 1805 1261 1856 habeatur,
1294 1821 1380 1864 quo
1412 1807 1523 1850 facto
1558 1821 1660 1849 mox
1694 1813 1808 1863 patet
1839 1819 1919 1849 nos
1951 1805 2054 1850 nihil
2086 1807 2195 1851 ultra
2218 1821 2345 1865 quam
2367 1807 2407 1850 in
2431 1805 2551 1850 initio
2575 1805 2732 1866 dialogi

285 1888 339 1932 ad
371 1895 566 1932 naturam
599 1886 760 1945 pulchri
795 1885 1134 1944 perspiciendam
1169 1886 1412 1943 profecisse.
1476 1886 1677 1930 Fortasse
1712 1894 1850 1931 tamen
1881 1886 2037 1946 aliquid
2070 1886 2177 1931 lucis
2214 1886 2453 1944 quaestioni
2490 1886 2732 1939 offundatur

286 1967 602 2025 reputantibus,
640 1966 898 2024 jucundum,
933 1966 1053 2023 quod
1086 1980 1163 2022 per
1196 1966 1384 2009 auditum
1420 1974 1460 2007 et
1493 1967 1627 2008 visum
1663 1967 1941 2023 percipiatur,
1973 1966 2070 2008 hinc
2102 1966 2322 2023 pulchrum
2355 1966 2525 2013 audire,
2557 1966 2657 2024 quia
2688 1966 2732 2008 hi

287 2061 436 2091 sensus
471 2045 821 2104 praestantiorem
856 2045 998 2088 locum
1034 2052 1241 2103 occupent
1264 2059 1364 2101 prae
1385 2044 1580 2093 caeteriS‚
1615 2051 1761 2102 gustu,
1795 2044 1971 2095 olfactu,
2002 2059 2186 2103 quorum
2208 2058 2311 2088 usus
2332 2045 2584 2103 praecipuus
2607 2044 2661 2088 sit
2683 2044 2726 2088 in

284 2126 571 2171 functionibus
622 2134 663 2169 et
712 2124 1033 2169 necessitatibus
1085 2124 1195 2168 vitae
1229 2125 1435 2175 animalis,
1484 2124 1579 2167 cibo
1613 2131 1817 2182 potuque.
1891 2127 1945 2170 Et
1977 2139 2126 2170 revera
2150 2124 2339 2183 jucunda
2370 2138 2445 2181 per
2479 2124 2614 2169 visum
2645 2139 2725 2168 au-

285 2207 506 2264 ditumque
555 2213 754 2264 percepta
802 2205 945 2262 potius
997 2211 1188 2262 spectant
1232 2205 1378 2254 vitam,
1428 2218 1537 2263 quae
1571 2205 1722 2248 dicitur
1754 2204 2064 2256 intellectualiS,
2111 2203 2337 2262 imprimis,
2387 2203 2500 2262 apud
2535 2204 2726 2249 homines

288 2288 454 2336 saltem,
487 2286 721 2330 inserviunt
753 2286 805 2329 ad
839 2285 1057 2343 ingenium
1092 2284 1377 2334 formandum.
1409 2285 1462 2328 ad
1496 2299 1567 2328 eas
1602 2285 1797 2329 notiones
1827 2285 2134 2343 percipiendas,
2169 2284 2321 2343 quibus
2342 2284 2505 2329 animus
2527 2283 2725 2329 nutritur.

286 2369 331 2412 Si
364 2368 491 2426 igitur
524 2367 628 2410 haec
654 2366 867 2424 jucunda,
911 2379 1013 2422 prae
1048 2364 1241 2415 caeteris,
1285 2364 1432 2408 utilia
1464 2363 1522 2422 (A)
1556 2365 1803 2422 appellanda
1836 2380 2081 2415 censemus,
2128 2365 2306 2409 fortasse
2341 2373 2455 2409 recte
2489 2364 2731 2409 distinxeri-

286 2464 404 2499 mus,
469 2449 531 2491 sin
582 2447 805 2504 puiehrum
861 2445 956 2488 hinc
1014 2444 1233 2488 definimus
1277 2445 1556 2502 jucundum
1608 2447 1735 2489 utile
1780 2445 1918 2503 (ἡδονὴν
1961 2445 2184 2503 ὠφέλιμον),
2245 2447 2416 2489 eaedem
2468 2445 2731 2490 difficultates

282 2531 484 2576 redeunt,
519 2528 674 2584 quihus
708 2526 844 2569 coacti
877 2526 1032 2568 fuimus
1068 2525 1268 2566 desistere
1301 2524 1351 2567 ab
1385 2540 1434 2566 ea
1467 2526 1654 2573 ratione,
1690 2540 1773 2581 qua
1806 2525 2026 2567 videbatur
2060 2524 2279 2580 pulchrum
2314 2525 2520 2568 contineri
2553 2524 2731 2568 utilitate

285 2610 392 2666 ipsa.
457 2610 518 2650 lta
553 2615 692 2663 partes
729 2606 989 2661 disputantes
1023 2603 1243 2648 discedunt
1277 2604 1386 2645 nulla
1418 2603 1627 2659 probabili
1661 2604 1713 2645 de
1746 2603 1924 2660 pulchro
1959 2603 2164 2646 sententia
2196 2604 2379 2649 inventa.

349 2689 491 2740 Quum
515 2703 617 2730 vero
642 2686 741 2729 satis
764 2693 914 2728 notum
939 2684 992 2726 sit
1014 2684 1055 2725 in
1076 2683 1284 2741 ejusmodi
1302 2682 1477 2740 dialogis
1496 2683 1696 2733 Platonis,
1718 2682 1870 2741 quihus
1885 2681 2164 2741 philosophus
2182 2685 2361 2727 fateatur
2377 2697 2421 2727 se
2438 2683 2729 2743 quaestionem

286 2783 374 2812 non
409 2768 458 2810 ad
494 2767 652 2809 felicem
688 2773 885 2808 eventum
920 2764 1153 2821 perducere
1188 2763 1389 2819 potuisse,
1424 2777 1500 2804 nec
1532 2762 1691 2819 aliquid
1724 2763 1811 2804 veri
1833 2762 2070 2811 invenisse,
2105 2769 2243 2806 tamen
2266 2763 2443 2805 multum
2465 2763 2553 2805 veri
2574 2763 2725 2813 latere,

286 2864 394 2907 age,
439 2847 678 2894 videamus,
723 2845 825 2904 quid
858 2845 909 2887 de
943 2851 1094 2887 natura
1128 2842 1289 2900 pulchri
1323 2842 1449 2885 variis
1481 2843 1522 2885 in
1556 2842 1638 2885 hoc
1671 2842 1842 2900 dialogo
1875 2841 2106 2899 propositis
2140 2841 2452 2885 definitionibus
2486 2843 2727 2888 doceamur.

357 2931 398 2971 1⁰
447 2926 649 2969 lntroitus
698 2925 795 2968 loco
846 2924 898 2967 ad
949 2924 1189 2965 universam
1239 2921 1553 2979 quaestionem,
1599 2929 1748 2965 auctor
1795 2929 1962 2971 monet,
1997 2922 2085 2980 jam
2131 2935 2217 2964 non
2266 2921 2335 2980 agi
2384 2922 2436 2966 de
2483 2923 2561 2966 hac
2607 2923 2728 2968 illave

285 3024 353 3058 re,
390 3021 499 3065 quae
535 3021 559 3050 a
590 3004 803 3062 plurimiS‚
835 3003 922 3046 imo
957 3002 1008 3046 ab
1044 3001 1264 3051 omnihus,
1298 3000 1470 3044 nomine
1503 3001 1662 3058 pulchri
1696 3001 1968 3059 insigniatur,
2000 3001 2074 3044 sed
2107 3001 2159 3044 de
2191 3001 2387 3046 universa
2419 3009 2491 3046 aut
2522 3003 2729 3048 abstracta

288 3087 511 3147 qualitate,
549 3100 657 3144 quae
694 3083 847 3141 quibus
880 3082 1000 3133 insit,
1034 3081 1207 3139 pulchra
1240 3080 1401 3124 reddat.

338 3273 389 3316 (1)
417 3271 468 3306 lb.
498 3283 531 3317 p.
560 3271 639 3303 293.
666 3267 705 3302 Ε.
773 3268 824 3309 (2)
852 3264 903 3299 lb.
931 3276 963 3310 p.
993 3265 1072 3297 295.
1099 3262 1137 3296 c.
1201 3264 1252 3307 (3)
1280 3262 1331 3297 lb.
1357 3275 1390 3309 p.
1418 3263 1496 3298 297.
1524 3259 1564 3293 Ε.
1627 3261 1678 3303 (4)
1706 3259 1757 3294 lb.
1782 3271 1816 3305 p.
1843 3260 1924 3294 308.
1949 3259 1988 3295 Ε.
