3014 3706
1458 139 1492 191 9

224 284 226 287 ’
312 293 362 338 2·
389 285 787 353 Πωρςμιῑὶωωι
817 301 906 332 non
936 285 1121 346 posim
1150 285 1307 331 (κοίῃ
1329 284 1526 337 materia,
1558 299 1583 330 e
1604 299 1688 344 qua
1709 299 1778 329 res
1800 283 2101 335 conficiantur,
2133 282 2321 329 secundo
2341 282 2440 328 loco
2462 282 2690 332 docemur:

312 370 362 416 3·
394 353 557 428 Neque·
572 365 665 425 ejus
696 363 929 414 notionem,
947 362 1285 418 confundendam
1306 377 1399 408 esse
1420 377 1517 408 cum
1537 363 1590 409 iis
1604 397 1616 415 ,
1648 371 1758 422 quae
1779 363 1834 409 ad
1854 362 2021 408 beatam
2043 370 2086 406 et
2105 362 2268 408 felicem
2290 362 2418 419 vitam
2439 362 2694 419 pertineant.

253 464 256 468 ·
312 450 362 494 4·
391 446 576 506 Propius
607 452 750 491 autem
768 445 834 491 'ad
855 444 946 503 ejus
967 450 1162 489 naturam
1182 441 1345 488 aceedit
1363 442 1431 495 id,
1463 444 1581 502 quod
1602 450 1749 500 aptum
1770 450 1813 487 et
1833 456 2072 500 congruens
2094 443 2381 501 appellamus;
2411 441 2531 500 quod
2552 450 2692 487 tamen

251 512 384 590 quum
427 524 574 587 potius
606 532 824 584 enter-nam
855 538 997 568 rerum
1032 522 1213 581 speciem
1245 538 1374 581 quam
1404 523 1603 567 virtutem
1635 523 1880 567 interiorem
1913 529 2095 579 spectet,
2143 522 2421 582 philosophus
2453 538 2534 568 nos
2566 522 2696 567 docet

250 599 593 669 pubhrnmn'on
622 603 890 649 referendum
921 603 975 647 ad
1006 617 1079 647 eas
1109 603 1332 662 qualitates
1348 635 1360 653 ,
1403 617 1509 660 quas
1542 602 1817 647 accidentales
1851 602 2118 647 nominemus
2132 635 2145 653 ,
2188 601 2261 646 sed
2292 603 2336 646 in
2367 603 2513 647 intima
2547 617 2693 647 rerum

251 695 406 733 natura
436 686 566 732 situm
596 699 703 728 esse.

277 787 280 790 ·
314 771 362 812 ³³
393 767 486 812 tmo
517 772 603 809 tam
635 764 844 808 excellens
875 765 966 824 ejus
998 771 1150 809 natura
1182 771 1270 814 est,
1302 772 1349 807 ut
1381 779 1466 807 non
1498 764 1660 823 sejungi
1691 771 1820 823 queat
1852 779 1877 806 a
1909 765 2038 807 bono.

316 848 364 891 θ’
394 844 592 890 Attamen
622 857 712 887 non
742 843 903 892 bonum
933 845 1072 903 ipsum
1104 852 1192 895 est,
1224 859 1322 889 nam
1354 846 1534 888 refertur
1566 844 1619 886 ad
1651 857 1797 887 sensus
1820 851 2021 887 externos
2055 851 2096 886 et
2119 858 2268 886 eorum
2291 844 2460 900 quidem
2483 844 2536 887 ad
2559 844 2696 886 visum

254 925 545 984 auditumque.
607 925 653 968 Si
682 924 749 968 illi
775 895 923 968 senius
949 924 1136 984 jucunde
1167 925 1425 974 afficiuntur,
1459 938 1586 968 causa
1617 938 1793 967 movens
1828 923 2049 981 pulchrum
2083 932 2172 973 est,
2205 938 2255 967 ea
2282 923 2429 967 saltem
2452 923 2693 966 conditione

253 1012 304 1050 ut
331 1004 436 1051 illud
461 1003 697 1063 jucundum
728 1017 817 1048 non
848 1019 873 1048 a
902 1003 1018 1048 bono
1051 1011 1291 1063 separatum
1324 1005 1391 1049 sit.

318 1085 464 1138 Quum
504 1083 635 1143 igitur
683 1082 906 1141 pulchrum
953 1083 1007 1127 sit
1037 1084 1217 1144 qualitas
1248 1099 1416 1135 rerum,
1463 1099 1547 1144 qua
1583 1085 1697 1127 visus
1732 1084 1987 1143 auditusque
2017 1085 2203 1143 jucunde
2237 1091 2510 1133 moveantur,
2561 1092 2700 1126 tamen

256 1164 488 1211 arctissime
519 1162 719 1208 cohaeret
751 1176 850 1207 cum
880 1176 983 1208 vero
1016 1171 1059 1208 et
1088 1165 1219 1209 bono.

315 1244 371 1288 Et
402 1243 511 1287 hanc
542 1253 637 1287 esse
668 1241 895 1301 genuinam
925 1243 1112 1288 Platonis
1144 1244 1197 1288 de
1228 1244 1405 1303 pulchro
1437 1245 1480 1288 in
1519 1244 1669 1295 rebus,
1721 1259 1831 1303 quae
1864 1244 2053 1289 sensibus
2087 1243 2398 1303 percipiantur,
2449 1241 2699 1286 sententiam

256 1321 455 1381 proxime
487 1328 605 1381 patet
637 1336 660 1365 e
693 1320 819 1366 simili
850 1333 1037 1367 eoncmn
1068 1323 1167 1368 loco
1198 1321 1282 1383 (¹),
1315 1322 1388 1368 ubi
1418 1323 1530 1368 hunc
1560 1323 1603 1367 in
1636 1323 1809 1368 modum
1846 1323 2089 1368 disseritur:

317 1435 347 1461 „
369 1402 500 1446 Socn.
565 1400 679 1454 Quid
722 1414 825 1445 ver-0
866 1402 917 1446 de
947 1400 1080 1446 hocce
1111 1403 1272 1463 sentis?
1338 1401 1518 1465 Bulcbra
1552 1403 1719 1454 omnia,
1766 1404 1828 1447 uti
1860 1410 1901 1447 et
1933 1417 2116 1461 corpora
2149 1410 2191 1446 et
2223 1403 2390 1446 colores
2424 1409 2465 1446 et
2499 1415 2625 1445 voces
2660 1406 2702 1444 et

254 1517 283 1542 „
305 1481 522 1533 instituta,
554 1481 763 1540 numquid
793 1496 843 1525 ea
875 1481 1050 1540 pulchra
1080 1497 1209 1527 vocas
1242 1482 1295 1526 ad
1330 1481 1433 1526 nihil
1463 1482 1725 1540 respiciens?
1792 1483 1848 1526 Ut
1879 1498 1977 1526 ecce
2010 1484 2148 1540 primo
2177 1483 2274 1526 loco
2297 1496 2480 1539 corpora
2500 1481 2676 1538 pulchra
2691 1513 2702 1531 ,

255 1576 451 1620 „nonne
500 1568 574 1606 aut
619 1561 910 1606 utilitatis
959 1563 1183 1607 ratione
1230 1562 1428 1607 habita
1478 1561 1628 1606 dicis
1676 1562 1917 1620 pulchra
1966 1575 2114 1612 esse,
2164 1567 2334 1619 atque
2378 1561 2443 1605 ad
2485 1560 2539 1604 id
2583 1561 2704 1618 pul-

256 1642 469 1699 „chra,
523 1641 685 1700 cujus
739 1642 873 1685 usui
923 1644 1210 1694 serviunt;
1256 1651 1351 1688 aut
1398 1648 1639 1701 propter
1686 1641 1937 1700 aliquam
1987 1641 2369 1699 voluptatem,
2419 1640 2705 1684 videlicet

255 1723 456 1784 „quod
505 1722 557 1765 in
601 1723 918 1779 spectando
963 1730 1297 1781 spectantes
1342 1724 1650 1781 voluptate
1695 1722 2003 1766 afficiant?
2067 1720 2287 1772 Habesne,
2320 1730 2489 1779 praeter
2522 1720 2702 1772 haecce,

253 1834 285 1863 9,
307 1803 425 1863 quod
456 1802 509 1846 de
542 1801 735 1859 corporis
770 1802 1077 1859 pulchritudine
1110 1802 1189 1847 dici
1221 1802 1390 1861 possit?
1454 1804 1621 1847 Potus:
1687 1801 1798 1845 Nihil
1831 1801 1958 1845 aliud.
2023 1801 2153 1845 Socn.
2218 1803 2330 1845 Num
2361 1801 2506 1860 itaque
2538 1809 2706 1845 caetera

258 1915 287 1939 „
308 1883 450 1925 omnia
491 1889 534 1924 et
573 1882 730 1937 figuras
775 1889 818 1923 et
862 1883 1026 1925 colores
1070 1883 1134 1924 vel
1175 1890 1353 1941 propter
1379 1884 1557 1942 jucundi
1590 1897 1761 1925 sensum
1795 1882 2004 1939 aliquem,
2045 1883 2109 1924 vel
2143 1888 2318 1939 propter
2349 1882 2592 1931 utilitatem,
2637 1882 2705 1924 vel

254 1994 283 2019 „
304 1967 480 2019 propter
522 1967 751 2018 utrumque
795 1960 970 2017 pulchra
1016 1961 1232 2018 appellas?
1295 1962 1452 2006 PomS.
1517 1963 1579 2006 lta
1629 1975 1820 2019 prorsus·
1886 1961 2015 2005 So'cn.
2082 1961 2233 2004 Nonne
2277 1968 2319 2004 et
2362 1974 2487 2004 voces
2522 1969 2564 2004 et
2596 1976 2705 2021 quae

258 2073 287 2099 „
311 2041 364 2084 ad
412 2041 614 2084 musicam
657 2041 868 2098 pertinent
914 2041 1059 2084 eadem
1106 2041 1308 2085 ratione?
1387 2043 1542 2086 Pozus.
1625 2043 1702 2085 lta.
1783 2042 1913 2084 Socn.
1980 2040 2096 2092 Quin
2142 2040 2292 2091 etiam,
2340 2054 2448 2098 quae
2496 2041 2707 2098 pertinent

259 2152 288 2177 „
310 2119 364 2163 ad
396 2119 509 2177 leges
545 2127 586 2163 et
615 2120 830 2170 instituta,
863 2134 950 2163 non
982 2121 1037 2163 ob
1069 2119 1191 2164 aliam
1225 2134 1396 2165 causam
1427 2122 1603 2179 pulchra
1635 2129 1733 2165 sunt
1766 2135 1892 2180 quam
1926 2121 2043 2180 quod
2077 2127 2149 2164 aut
2182 2120 2299 2164 utilia
2327 2127 2400 2164 aut
2420 2121 2609 2179 jucunda
2632 2129 2706 2165 aut

258 2232 287 2257 ‚,
309 2205 536 2257 utrumque
570 2199 665 2243 sint.
731 2200 887 2244 Porus.
952 2201 1070 2251 Non,
1102 2208 1149 2244 ut
1181 2200 1282 2244 mihi
1315 2201 1484 2260 quidem
1518 2201 1699 2246 videtur.
1767 2202 1896 2245 Socn.
1962 2201 2112 2245 Nonne
2144 2201 2272 2259 igitur
2305 2200 2357 2244 de
2390 2199 2705 2258 disciplinarum

260 2312 288 2336 „
310 2278 488 2337 pulchro
537 2278 649 2323 idem
701 2279 1023 2325 existimamus?
1112 2282 1266 2325 Pctus·
1329 2281 1446 2325 Idem
1493 2295 1696 2339 prorsus;
1758 2289 1798 2325 et
1847 2295 1959 2324 nunc
2013 2280 2183 2339 quidem
2230 2279 2405 2338 pulchre
2453 2279 2622 2331 definis,
2677 2296 2702 2324 o

261 2358 537 2418 „SocrateS,
581 2360 883 2417 pulchrum
926 2362 1214 2405 definiens
1245 2376 1344 2419 per
1381 2362 1694 2421 jucundum
1740 2369 1796 2404 et
1843 2360 2086 2404 bonum.”

323 2438 411 2481 Nec
451 2439 670 2496 'discrepat
717 2440 836 2484 locus
884 2442 925 2484 in
977 2441 1059 2484 alio
1109 2442 1302 2498 dialogo,
1350 2455 1560 2490 rumano,
1608 2441 1653 2483 in
1703 2456 1790 2499 quo
1837 2448 1979 2483 tamen
2028 2441 2080 2483 de
2128 2448 2277 2482 natura
2319 2441 2429 2483 illius
2455 2441 2631 2497 jucundi
2663 2448 2705 2481 et

259 2515 396 2566 utilis,
446 2518 599 2576 quibus
646 2520 868 2576 pulchrum
919 2528 1106 2569 constet,
1155 2521 1295 2577 paullo
1346 2522 1581 2563 accuratius
1632 2522 1852 2563 docemur.
1918 2521 2086 2576 Operae
2135 2519 2315 2575 pretium
2362 2528 2425 2561 est
2469 2520 2609 2562 locum
2642 2518 2701 2575 (2)

262 2595 347 2639 huc
377 2596 629 2642 adscribere.

326 2706 355 2731 „
375 2677 495 2728 Jam,
547 2679 683 2738 inquit
728 2680 947 2731 Socrates,
995 2671 1098 2723 'non
1147 2694 1280 2722 conor
1328 2681 1466 2722 dicere
1515 2681 1568 2723 de
1618 2680 1933 2736 pulchritudine
1981 2679 2208 2736 figurarum
2226 2709 2236 2728 ,
2301 2678 2467 2735 qualem
2513 2679 2706 2737 plerique

265 2786 293 2811 ,‚
314 2754 491 2801 forsitan
533 2758 792 2818 intelligant,
841 2767 886 2803 ut
933 2768 1035 2818 puta
1078 2759 1317 2803 animalium
1356 2767 1428 2803 aut
1458 2760 1687 2818 imaginum
1720 2760 1955 2817 pictarum,
2000 2758 2073 2801 sed
2103 2759 2257 2816 loquor
2290 2758 2341 2800 de
2374 2758 2485 2801 linea
2518 2766 2633 2802 recta
2667 2765 2710 2802 et

266 2866 294 2892 „
315 2835 544 2881 orbiculari
578 2844 620 2882 et
658 2839 710 2883 de
741 2839 896 2897 planiS‚
929 2854 1037 2898 quae
1069 2840 1164 2883 inde
1196 2840 1329 2883 tornis
1363 2839 1641 2883 conficiuntur
1659 2817 1716 2883 ‘et
1748 2840 1800 2882 de
1834 2839 1979 2882 solidis
2014 2846 2055 2881 et
2087 2838 2139 2881 de
2159 2838 2229 2887 iis,
2263 2851 2373 2896 quae
2395 2838 2706 2896 perpendiculis

265 2945 294 2972 „
316 2920 358 2957 et
407 2916 572 2975 angulis
615 2918 897 2970 fabricantur,
947 2920 982 2963 si
1025 2934 1092 2964 me
1122 2919 1330 2979 intelligis.
1366 2920 1509 2963 *Haec
1540 2919 1650 2962 enim
1684 2932 1771 2962 non
1803 2917 1979 2976 pulchra
2013 2930 2104 2960 esse
2137 2916 2254 2968 dico,
2299 2924 2508 2974 quatenus
2541 2918 2594 2961 ad
2627 2917 2710 2962 alia

266 3026 295 3051 „
317 2995 575 3049 referantur,
621 3006 669 3043 ut
703 2999 804 3045 alias
839 3014 931 3051 res,
977 3000 1049 3044 sed
1081 3014 1247 3059 semper
1278 3014 1370 3044 esse
1403 2998 1575 3057 pulchra
1606 3013 1683 3056 per
1716 3012 1760 3041 se
1792 3005 1834 3041 et
1866 2997 2085 3056 proprium
2118 2996 2333 3055 quoddam
2365 2997 2443 3040 sibi
2470 2997 2708 3055 jucundum

316 3178 368 3224 (1)
393 3190 429 3226 p.
458 3179 531 3217 4⁴74
555 3180 601 3217 1).
652 3184 707 3229 (ε)
732 3160 869 3220 Philet».
894 3196 929 3232 p.
956 3185 999 3219 ⁵1
1026 3183 1065 3219 c.
